day;timestamp;product;bid_price_1;bid_volume_1;bid_price_2;bid_volume_2;bid_price_3;bid_volume_3;ask_price_1;ask_volume_1;ask_price_2;ask_volume_2;ask_price_3;ask_volume_3;mid_price;profit_and_loss
2;0;PEARLS;9998;3;9996;1;9995;21;10004;1;10005;21;;;10001.0;0.0
2;0;BANANAS;4822;3;4821;22;;;4827;22;;;;;4824.5;0.0
2;0;COCONUTS;7923;214;;;;;7925;64;7926;150;;;7924.0;0.0
2;0;PINA_COLADAS;14850;88;;;;;14853;88;;;;;14851.5;0.0
2;100;PEARLS;9998;2;9996;1;9995;47;10004;1;10005;47;;;10001.0;0.0
2;100;BANANAS;4822;3;4821;48;;;4827;48;;;;;4824.5;0.0
2;100;COCONUTS;7924;150;7923;214;;;7925;64;7926;150;7927;150;7924.5;0.0
2;100;PINA_COLADAS;14853;10;14850;88;;;14856;98;;;;;14854.5;0.0
2;200;PINA_COLADAS;14853;74;;;;;14856;74;;;;;14854.5;0.0
2;200;PEARLS;9996;2;9995;30;;;9998;1;10004;2;10005;30;9997.0;0.0
2;200;BANANAS;4827;1;4822;2;4821;30;4828;32;;;;;4827.5;0.0
2;200;COCONUTS;7924;191;;;;;7926;55;7927;136;;;7925.0;0.0
2;300;PEARLS;9996;1;9995;27;;;9998;1;10004;1;10005;27;9997.0;2.0
2;300;BANANAS;4822;27;;;;;4828;1;4829;27;;;4825.0;0.0
2;300;COCONUTS;7925;168;;;;;7928;168;;;;;7926.5;0.0
2;300;PINA_COLADAS;14858;90;;;;;14861;90;;;;;14859.5;0.0
2;400;PEARLS;9995;25;;;;;10005;25;;;;;10000.0;4.0
2;400;BANANAS;4821;25;;;;;4823;5;4828;25;;;4822.0;0.0
2;400;COCONUTS;7924;181;;;;;7927;181;;;;;7925.5;0.0
2;400;PINA_COLADAS;14855;94;;;;;14858;30;14859;64;;;14856.5;-374.125
2;500;PEARLS;9995;22;;;;;10005;22;;;;;10000.0;4.0
2;500;BANANAS;4821;22;;;;;4828;22;;;;;4824.5;0.0
2;500;COCONUTS;7924;196;;;;;7925;57;7927;196;;;7924.5;0.0
2;500;PINA_COLADAS;14854;107;;;;;14857;107;;;;;14855.5;-541.98828125
2;600;PINA_COLADAS;14854;68;14852;39;14851;51;14855;51;14857;107;;;14854.5;-532.24609375
2;600;PEARLS;9995;47;;;;;10005;47;;;;;10000.0;4.0
2;600;BANANAS;4821;47;;;;;4828;47;;;;;4824.5;0.0
2;600;COCONUTS;7924;253;7923;142;;;7925;57;7926;199;7927;196;7924.5;0.0
2;700;BANANAS;4821;23;;;;;4828;23;;;;;4824.5;0.0
2;700;PEARLS;9995;23;;;;;9998;9;10005;23;;;9996.5;4.0
2;700;COCONUTS;7924;161;;;;;7926;45;7927;116;;;7925.0;0.0
2;700;PINA_COLADAS;14851;106;;;;;14854;106;;;;;14852.5;-443.5
2;800;PEARLS;9996;1;9995;27;;;10004;1;10005;27;;;10000.0;30.0
2;800;COCONUTS;7924;191;;;;;7925;50;7926;70;7927;121;7924.5;0.0
2;800;BANANAS;4825;3;4821;28;;;4828;28;;;;;4826.5;0.0
2;800;PINA_COLADAS;14848;31;14847;53;;;14851;84;;;;;14849.5;-188.5
2;900;BANANAS;4824;1;4821;21;;;4828;21;;;;;4826.0;0.0
2;900;PEARLS;9995;21;;;;;10005;21;;;;;10000.0;30.0
2;900;COCONUTS;7924;175;;;;;7927;175;;;;;7925.5;0.0
2;900;PINA_COLADAS;14850;85;;;;;14853;85;;;;;14851.5;-369.0
2;1000;PINA_COLADAS;14852;38;14851;51;;;14853;38;14854;38;14855;51;14852.5;-469.0
2;1000;PEARLS;10002;2;9996;2;9995;28;10004;2;10005;28;;;10003.0;30.0
2;1000;COCONUTS;7925;201;;;;;7927;63;7928;138;;;7926.0;0.0
2;1000;BANANAS;4823;2;4822;28;;;4829;30;;;;;4826.0;0.0
2;1100;BANANAS;4823;2;4822;28;;;4829;30;;;;;4826.0;0.0
2;1100;PEARLS;9996;2;9995;28;;;10004;2;10005;28;;;10000.0;34.0
2;1100;COCONUTS;7925;162;;;;;7927;50;7928;112;;;7926.0;0.0
2;1100;PINA_COLADAS;14852;111;;;;;14855;111;;;;;14853.5;-500.734375
2;1200;PEARLS;9996;1;9995;28;;;10004;1;10005;28;;;10000.0;34.0
2;1200;COCONUTS;7924;186;;;;;7927;186;;;;;7925.5;0.0
2;1200;BANANAS;4822;28;;;;;4828;1;4829;28;;;4825.0;0.0
2;1200;PINA_COLADAS;14850;92;;;;;14853;92;;;;;14851.5;-509.08203125
2;1300;BANANAS;4822;23;;;;;4827;7;4829;23;;;4824.5;0.0
2;1300;PEARLS;9995;23;;;;;9998;1;10002;7;10005;23;9996.5;34.0
2;1300;COCONUTS;7924;67;7923;119;;;7926;186;;;;;7925.0;0.0
2;1300;PINA_COLADAS;14848;109;;;;;14851;109;;;;;14849.5;-516.0078125
2;1400;PINA_COLADAS;14848;91;;;;;14851;91;;;;;14849.5;-515.81640625
2;1400;PEARLS;9996;2;9995;24;;;10002;4;10004;2;10005;24;9999.0;36.0
2;1400;COCONUTS;7922;182;;;;;7925;182;;;;;7923.5;0.0
2;1400;BANANAS;4822;26;;;;;4827;4;4828;2;4829;24;4824.5;0.0
2;1500;BANANAS;4822;30;;;;;4827;7;4828;2;4829;29;4824.5;0.0
2;1500;PEARLS;9996;2;9995;29;;;10002;7;10004;2;10005;29;9999.0;36.0
2;1500;COCONUTS;7923;184;;;;;7926;184;;;;;7924.5;0.0
2;1500;PINA_COLADAS;14850;98;;;;;14853;98;;;;;14851.5;-507.5859375
2;1600;PEARLS;9996;1;9995;23;;;10004;1;10005;23;;;10000.0;36.0
2;1600;COCONUTS;7922;171;;;;;7925;171;;;;;7923.5;0.0
2;1600;BANANAS;4822;1;4821;23;;;4828;24;;;;;4825.0;0.0
2;1600;PINA_COLADAS;14849;37;14848;82;;;14851;82;;;;;14850.0;-515.7890625
2;1700;BANANAS;4821;24;;;;;4828;24;;;;;4824.5;0.0
2;1700;PEARLS;9995;24;;;;;10005;24;;;;;10000.0;36.0
2;1700;COCONUTS;7923;46;7922;163;;;7925;163;;;;;7924.0;0.0
2;1700;PINA_COLADAS;14847;110;;;;;14850;110;;;;;14848.5;-523.375
2;1800;PINA_COLADAS;14847;95;;;;;14850;95;;;;;14848.5;-531.125
2;1800;PEARLS;9996;2;9995;28;;;10004;2;10005;28;;;10000.0;36.0
2;1800;COCONUTS;7922;163;;;;;7924;62;7925;101;;;7923.0;0.0
2;1800;BANANAS;4822;2;4821;28;;;4828;30;;;;;4825.0;0.0
2;1900;BANANAS;4822;10;4821;24;;;4828;26;;;;;4825.0;0.0
2;1900;PEARLS;9998;8;9996;2;9995;24;10004;2;10005;24;;;10001.0;63.0
2;1900;COCONUTS;7924;41;7923;218;;;7925;218;;;;;7924.5;0.0
2;1900;PINA_COLADAS;14848;99;;;;;14851;37;14852;62;;;14849.5;-629.25
2;2000;PEARLS;9995;22;;;;;10005;22;;;;;10000.0;63.0
2;2000;COCONUTS;7922;177;;;;;7924;42;7925;135;;;7923.0;0.0
2;2000;BANANAS;4821;22;;;;;4828;22;;;;;4824.5;0.0
2;2000;PINA_COLADAS;14847;29;14846;90;;;14849;90;;;;;14848.0;-430.125
2;2100;BANANAS;4824;6;4821;25;;;4828;25;;;;;4826.0;0.0
2;2100;PEARLS;9995;25;;;;;10005;25;;;;;10000.0;63.0
2;2100;COCONUTS;7922;51;7921;102;;;7924;153;;;;;7923.0;0.0
2;2100;PINA_COLADAS;14845;89;;;;;14848;89;;;;;14846.5;-385.625
2;2200;PINA_COLADAS;14843;30;14842;53;;;14845;30;14846;53;;;14844.0;-166.25
2;2200;COCONUTS;7921;153;;;;;7924;153;;;;;7922.5;0.0
2;2200;PEARLS;9996;2;9995;29;;;10004;2;10005;29;;;10000.0;75.0
2;2200;BANANAS;4822;31;;;;;4828;31;;;;;4825.0;0.0
2;2300;PEARLS;9996;1;9995;20;;;10004;1;10005;20;;;10000.0;75.0
2;2300;BANANAS;4822;1;4821;20;;;4823;2;4828;21;;;4822.5;0.0
2;2300;COCONUTS;7922;164;;;;;7924;43;7925;121;;;7923.0;0.0
2;2300;PINA_COLADAS;14843;100;;;;;14846;100;;;;;14844.5;-235.25
2;2400;COCONUTS;7922;178;;;;;7925;178;;;;;7923.5;0.0
2;2400;PEARLS;10002;1;9996;1;9995;25;10004;1;10005;25;;;10003.0;75.0
2;2400;BANANAS;4827;1;4822;1;4821;25;4828;26;;;;;4827.5;0.0
2;2400;PINA_COLADAS;14844;96;;;;;14847;38;14848;58;;;14845.5;-315.75
2;2500;PEARLS;9995;27;;;;;10005;27;;;;;10000.0;77.0
2;2500;BANANAS;4821;27;;;;;4828;27;;;;;4824.5;0.0
2;2500;COCONUTS;7922;199;;;;;7925;199;;;;;7923.5;0.0
2;2500;PINA_COLADAS;14844;87;;;;;14847;87;;;;;14845.5;-353.75
2;2600;PINA_COLADAS;14847;97;;;;;14850;31;14851;66;;;14848.5;-479.875
2;2600;COCONUTS;7922;171;;;;;7925;171;;;;;7923.5;0.0
2;2600;PEARLS;9996;1;9995;20;;;10004;1;10005;20;;;10000.0;77.0
2;2600;BANANAS;4821;21;;;;;4828;21;;;;;4824.5;0.0
2;2700;PEARLS;9996;2;9995;29;;;10004;2;10005;29;;;10000.0;77.0
2;2700;BANANAS;4826;1;4821;31;;;4828;31;;;;;4827.0;0.0
2;2700;COCONUTS;7921;179;;;;;7924;179;;;;;7922.5;0.0
2;2700;PINA_COLADAS;14847;31;14846;75;;;14850;106;;;;;14848.5;-453.1875
2;2800;COCONUTS;7920;215;;;;;7923;215;;;;;7921.5;0.0
2;2800;PEARLS;9995;22;;;;;10005;22;;;;;10000.0;77.0
2;2800;BANANAS;4821;22;;;;;4828;22;;;;;4824.5;0.0
2;2800;PINA_COLADAS;14843;94;;;;;14846;94;;;;;14844.5;-299.25
2;2900;BANANAS;4822;1;4821;21;;;4826;6;4828;22;;;4824.0;0.0
2;2900;PEARLS;9996;1;9995;21;;;10002;6;10004;1;10005;21;9999.0;77.0
2;2900;COCONUTS;7920;190;;;;;7922;61;7923;129;;;7921.0;0.0
2;2900;PINA_COLADAS;14840;103;;;;;14843;103;;;;;14841.5;-179.375
2;3000;PINA_COLADAS;14840;35;14839;69;;;14842;35;14843;69;;;14841.0;-164.5625
2;3000;COCONUTS;7920;215;;;;;7923;215;;;;;7921.5;0.0
2;3000;BANANAS;4821;28;;;;;4828;28;;;;;4824.5;0.0
2;3000;PEARLS;9996;1;9995;27;;;10004;1;10005;27;;;10000.0;77.0
2;3100;BANANAS;4821;25;;;;;4828;25;;;;;4824.5;0.0
2;3100;PEARLS;9995;25;;;;;10005;25;;;;;10000.0;77.0
2;3100;COCONUTS;7919;187;;;;;7922;187;;;;;7920.5;0.0
2;3100;PINA_COLADAS;14840;95;;;;;14843;95;;;;;14841.5;-204.6640625
2;3200;COCONUTS;7919;206;;;;;7922;206;;;;;7920.5;0.0
2;3200;BANANAS;4822;29;;;;;4828;29;;;;;4825.0;0.0
2;3200;PEARLS;9996;1;9995;28;;;10004;1;10005;28;;;10000.0;77.0
2;3200;PINA_COLADAS;14840;22;14839;107;;;14842;107;;;;;14841.0;-198.3203125
2;3300;BANANAS;4822;3;4821;28;;;4827;2;4828;26;;;4824.5;0.0
2;3300;PEARLS;9998;3;9996;2;9995;26;10004;2;10005;26;;;10001.0;77.0
2;3300;COCONUTS;7919;217;;;;;7922;217;;;;;7920.5;0.0
2;3300;PINA_COLADAS;14836;98;;;;;14839;98;;;;;14837.5;-184.859375
2;3400;PINA_COLADAS;14837;96;;;;;14840;96;;;;;14838.5;-190.703125
2;3400;BANANAS;4821;26;;;;;4828;26;;;;;4824.5;0.0
2;3400;PEARLS;10000;2;9996;1;9995;25;10004;1;10005;25;;;10002.0;77.0
2;3400;COCONUTS;7919;200;;;;;7922;200;;;;;7920.5;0.0
2;3500;BANANAS;4825;4;4821;23;;;4827;23;;;;;4826.0;0.0
2;3500;PEARLS;9996;2;9995;21;;;10004;2;10005;21;;;10000.0;83.0
2;3500;COCONUTS;7920;143;;;;;7923;143;;;;;7921.5;0.0
2;3500;PINA_COLADAS;14840;32;14839;67;;;14842;32;14843;67;;;14841.0;-202.3515625
2;3600;BANANAS;4820;30;;;;;4825;5;4827;30;;;4822.5;0.0
2;3600;PEARLS;10000;3;9995;30;;;10002;5;10005;30;;;10001.0;83.0
2;3600;COCONUTS;7920;120;7919;150;;;7922;227;;;;;7921.0;0.0
2;3600;PINA_COLADAS;14838;92;;;;;14841;92;;;;;14839.5;-194.4140625
2;3700;BANANAS;4820;6;4819;25;;;4826;25;;;;;4823.0;0.0
2;3700;PEARLS;9998;6;9996;1;9995;24;10004;1;10005;24;;;10001.0;83.0
2;3700;COCONUTS;7919;207;;;;;7922;207;;;;;7920.5;0.0
2;3700;PINA_COLADAS;14836;30;14835;67;;;14838;30;14839;67;;;14837.0;-182.4609375
2;3800;PINA_COLADAS;14837;80;;;;;14838;33;14840;80;;;14837.5;-179.59375
2;3800;BANANAS;4819;30;;;;;4826;30;;;;;4822.5;0.0
2;3800;PEARLS;9996;1;9995;29;;;10004;1;10005;29;;;10000.0;83.0
2;3800;COCONUTS;7920;161;;;;;7923;161;;;;;7921.5;0.0
2;3900;BANANAS;4819;28;;;;;4825;2;4826;26;;;4822.0;0.0
2;3900;PEARLS;10002;4;9996;2;9995;26;10004;2;10005;26;;;10003.0;107.0
2;3900;COCONUTS;7921;197;;;;;7924;197;;;;;7922.5;0.0
2;3900;PINA_COLADAS;14839;22;14838;54;;;14841;22;14842;54;;;14840.0;-76.25
2;4000;BANANAS;4819;32;;;;;4825;2;4826;30;;;4822.0;0.0
2;4000;PEARLS;9996;2;9995;30;;;10004;2;10005;30;;;10000.0;115.0
2;4000;COCONUTS;7920;73;7919;165;;;7922;165;;;;;7921.0;0.0
2;4000;PINA_COLADAS;14833;88;;;;;14836;88;;;;;14834.5;-540.0
2;4100;BANANAS;4820;26;;;;;4824;4;4826;26;;;4822.0;0.0
2;4100;PEARLS;9996;1;9995;25;;;10002;4;10004;1;10005;25;9999.0;115.0
2;4100;COCONUTS;7919;181;;;;;7922;181;;;;;7920.5;0.0
2;4100;PINA_COLADAS;14834;77;;;;;14837;77;;;;;14835.5;-443.875
2;4200;PINA_COLADAS;14837;87;;;;;14840;87;;;;;14838.5;-213.25
2;4200;BANANAS;4819;28;;;;;4826;28;;;;;4822.5;0.0
2;4200;PEARLS;9996;2;9995;26;;;9998;5;10004;2;10005;26;9997.0;115.0
2;4200;COCONUTS;7919;180;;;;;7922;180;;;;;7920.5;0.0
2;4300;BANANAS;4819;25;;;;;4826;25;;;;;4822.5;0.0
2;4300;PEARLS;9996;1;9995;24;;;10000;5;10004;1;10005;24;9998.0;125.0
2;4300;COCONUTS;7919;175;;;;;7922;175;;;;;7920.5;0.0
2;4300;PINA_COLADAS;14840;33;14839;59;;;14843;92;;;;;14841.5;-3.625
2;4400;PEARLS;9995;22;;;;;10005;22;;;;;10000.0;125.0
2;4400;BANANAS;4819;22;;;;;4826;22;;;;;4822.5;0.0
2;4400;COCONUTS;7920;194;;;;;7923;194;;;;;7921.5;0.0
2;4400;PINA_COLADAS;14838;83;;;;;14841;83;;;;;14839.5;-119.125
2;4500;PINA_COLADAS;14842;29;14841;59;;;14844;29;14845;59;;;14843.0;150.0
2;4500;PEARLS;9995;26;;;;;10005;26;;;;;10000.0;125.0
2;4500;BANANAS;4819;26;;;;;4826;26;;;;;4822.5;0.0
2;4500;COCONUTS;7921;146;;;;;7924;146;;;;;7922.5;0.0
2;4600;PEARLS;9996;1;9995;21;;;10004;1;10005;21;;;10000.0;125.0
2;4600;BANANAS;4825;1;4819;22;;;4826;22;;;;;4825.5;0.0
2;4600;COCONUTS;7922;184;;;;;7925;184;;;;;7923.5;0.0
2;4600;PINA_COLADAS;14841;101;;;;;14844;39;14845;62;;;14842.5;138.125
2;4700;PEARLS;9995;27;;;;;10005;27;;;;;10000.0;125.0
2;4700;BANANAS;4818;27;;;;;4825;27;;;;;4821.5;0.0
2;4700;COCONUTS;7923;203;;;;;7926;203;;;;;7924.5;0.0
2;4700;PINA_COLADAS;14844;33;14843;68;;;14846;33;14847;68;;;14845.0;338.75
2;4800;PEARLS;9996;1;9995;28;;;10004;1;10005;28;;;10000.0;125.0
2;4800;BANANAS;4818;29;;;;;4824;1;4825;28;;;4821.0;0.0
2;4800;COCONUTS;7922;189;;;;;7925;189;;;;;7923.5;0.0
2;4800;PINA_COLADAS;14841;106;;;;;14844;106;;;;;14842.5;-110.25
2;4900;PINA_COLADAS;14842;76;;;;;14845;76;;;;;14843.5;72.0
2;4900;PEARLS;9998;7;9996;2;9995;27;10004;2;10005;27;;;10001.0;125.0
2;4900;BANANAS;4819;7;4818;29;;;4824;2;4825;27;;;4821.5;0.0
2;4900;COCONUTS;7923;180;;;;;7926;180;;;;;7924.5;0.0
2;5000;PEARLS;9996;2;9995;29;;;10004;2;10005;29;;;10000.0;125.0
2;5000;BANANAS;4818;2;4817;29;;;4820;3;4824;31;;;4819.0;0.0
2;5000;COCONUTS;7923;188;;;;;7926;188;;;;;7924.5;0.0
2;5000;PINA_COLADAS;14841;22;14840;73;;;14843;22;14844;73;;;14842.0;-133.25
2;5100;PEARLS;9996;1;9995;24;;;10004;1;10005;24;;;10000.0;125.0
2;5100;BANANAS;4817;25;;;;;4824;25;;;;;4820.5;0.0
2;5100;COCONUTS;7922;193;;;;;7924;73;7925;120;;;7923.0;0.0
2;5100;PINA_COLADAS;14840;32;14839;60;;;14842;32;14843;60;;;14841.0;-338.75
2;5200;PEARLS;9998;6;9996;1;9995;29;10004;1;10005;29;;;10001.0;131.0
2;5200;COCONUTS;7922;154;;;;;7925;154;;;;;7923.5;0.0
2;5200;PINA_COLADAS;14838;97;;;;;14841;97;;;;;14839.5;-693.5
2;5200;BANANAS;4818;7;4817;29;;;4824;30;;;;;4821.0;0.0
2;5300;PINA_COLADAS;14840;96;;;;;14843;96;;;;;14841.5;-290.25
2;5300;BANANAS;4822;1;4817;22;;;4824;22;;;;;4823.0;0.0
2;5300;PEARLS;9996;1;9995;21;;;10004;1;10005;21;;;10000.0;131.0
2;5300;COCONUTS;7922;137;;;;;7923;22;7925;183;;;7922.5;0.0
2;5400;BANANAS;4818;11;4817;20;;;4824;22;;;;;4821.0;0.0
2;5400;PEARLS;9998;9;9996;2;9995;20;10004;2;10005;20;;;10001.0;131.0
2;5400;COCONUTS;7922;154;;;;;7925;154;;;;;7923.5;0.0
2;5400;PINA_COLADAS;14840;92;;;;;14843;92;;;;;14841.5;-212.5
2;5500;PEARLS;9996;1;9995;28;;;10004;1;10005;28;;;10000.0;131.0
2;5500;COCONUTS;7922;188;;;;;7925;188;;;;;7923.5;0.0
2;5500;PINA_COLADAS;14839;22;14838;57;;;14841;22;14842;57;;;14840.0;-562.5
2;5500;BANANAS;4820;6;4817;29;;;4823;1;4824;28;;;4821.5;0.0
2;5600;PEARLS;9995;21;;;;;10002;6;10005;21;;;9998.5;131.0
2;5600;COCONUTS;7923;170;;;;;7926;170;;;;;7924.5;0.0
2;5600;PINA_COLADAS;14841;86;;;;;14844;86;;;;;14842.5;-28.0
2;5600;BANANAS;4817;21;;;;;4822;6;4824;21;;;4819.5;0.0
2;5700;PINA_COLADAS;14838;24;14837;56;;;14840;24;14841;56;;;14839.0;-815.75
2;5700;BANANAS;4816;30;;;;;4823;30;;;;;4819.5;0.0
2;5700;PEARLS;9996;1;9995;29;;;10004;1;10005;29;;;10000.0;131.0
2;5700;COCONUTS;7921;172;;;;;7924;172;;;;;7922.5;0.0
2;5800;BANANAS;4817;2;4816;28;;;4818;1;4821;5;4823;30;4817.5;0.0
2;5800;PEARLS;9996;2;9995;28;;;10002;5;10004;2;10005;28;9999.0;131.0
2;5800;COCONUTS;7922;71;7921;150;;;7924;150;;;;;7923.0;0.0
2;5800;PINA_COLADAS;14838;97;;;;;14841;97;;;;;14839.5;-716.5
2;5900;PEARLS;9996;2;9995;29;;;10004;2;10005;29;;;10000.0;131.0
2;5900;COCONUTS;7921;188;;;;;7924;188;;;;;7922.5;0.0
2;5900;PINA_COLADAS;14839;77;;;;;14842;77;;;;;14840.5;-472.5
2;5900;BANANAS;4817;31;;;;;4823;31;;;;;4820.0;0.0
2;6000;PEARLS;9998;7;9996;2;9995;30;10004;2;10005;30;;;10001.0;131.0
2;6000;COCONUTS;7922;161;;;;;7925;161;;;;;7923.5;0.0
2;6000;PINA_COLADAS;14843;40;14842;63;;;14845;40;14846;63;;;14844.0;431.25
2;6000;BANANAS;4817;9;4816;30;;;4823;32;;;;;4820.0;0.0
2;6100;PINA_COLADAS;14839;23;14838;68;;;14841;23;14842;68;;;14840.0;-816.5
2;6100;BANANAS;4816;29;;;;;4823;29;;;;;4819.5;0.0
2;6100;PEARLS;10002;11;9996;1;9995;28;10004;1;10005;28;;;10003.0;131.0
2;6100;COCONUTS;7921;171;;;;;7924;171;;;;;7922.5;0.0
2;6200;BANANAS;4817;1;4816;20;;;4823;21;;;;;4820.0;0.0
2;6200;PEARLS;9996;1;9995;20;;;10004;1;10005;20;;;10000.0;156.0
2;6200;COCONUTS;7921;222;;;;;7924;222;;;;;7922.5;0.0
2;6200;PINA_COLADAS;14836;96;;;;;14839;96;;;;;14837.5;-1541.5
2;6300;PEARLS;9995;22;;;;;10005;22;;;;;10000.0;156.0
2;6300;COCONUTS;7920;185;;;;;7922;52;7923;133;;;7921.0;0.0
2;6300;PINA_COLADAS;14837;32;14836;56;;;14839;32;14840;56;;;14838.0;-1409.5
2;6300;BANANAS;4817;22;;;;;4818;5;4823;22;;;4817.5;0.0
2;6400;PEARLS;9996;2;9995;23;;;9998;1;10004;2;10005;23;9997.0;156.0
2;6400;COCONUTS;7918;190;;;;;7920;78;7921;112;;;7919.0;0.0
2;6400;PINA_COLADAS;14833;88;;;;;14836;88;;;;;14834.5;-2545.0
2;6400;BANANAS;4817;25;;;;;4818;2;4823;2;4824;23;4817.5;0.0
2;6500;PINA_COLADAS;14833;102;;;;;14836;102;;;;;14834.5;-2393.5
2;6500;BANANAS;4817;2;4816;24;;;4819;2;4823;26;;;4818.0;3.41015625
2;6500;PEARLS;9996;2;9995;24;;;10004;2;10005;24;;;10000.0;158.0
2;6500;COCONUTS;7918;41;7917;130;;;7920;171;;;;;7919.0;0.0
2;6600;BANANAS;4817;6;4816;25;;;4823;25;;;;;4820.0;2.3955078125
2;6600;PEARLS;9998;6;9995;25;;;10005;25;;;;;10001.5;158.0
2;6600;COCONUTS;7917;68;7916;141;;;7919;209;;;;;7918.0;0.0
2;6600;PINA_COLADAS;14832;93;;;;;14835;93;;;;;14833.5;-2708.0
2;6700;COCONUTS;7916;186;;;;;7918;77;7919;109;;;7917.0;0.0
2;6700;PINA_COLADAS;14829;79;;;;;14832;79;;;;;14830.5;-3707.5
2;6700;PEARLS;9996;1;9995;29;;;9998;5;10004;1;10005;29;9997.0;158.0
2;6700;BANANAS;4816;30;;;;;4819;4;4823;30;;;4817.5;2.8515625
2;6800;COCONUTS;7917;193;;;;;7919;193;;;;;7918.0;0.0
2;6800;PINA_COLADAS;14831;91;;;;;14834;91;;;;;14832.5;-3135.0
2;6800;PEARLS;9996;1;9995;30;;;10002;1;10004;1;10005;30;9999.0;168.0
2;6800;BANANAS;4816;31;;;;;4821;1;4823;31;;;4818.5;3.0185546875
2;6900;PINA_COLADAS;14827;37;14826;52;;;14829;37;14830;52;;;14828.0;-4414.0
2;6900;PEARLS;9996;2;9995;22;;;10002;2;10004;2;10005;22;9999.0;168.0
2;6900;BANANAS;4816;24;;;;;4821;2;4822;2;4823;22;4818.5;2.2451171875
2;6900;COCONUTS;7915;148;;;;;7917;43;7918;105;;;7916.0;0.0
2;7000;PEARLS;9996;1;9995;22;;;10004;1;10005;22;;;10000.0;168.0
2;7000;BANANAS;4816;1;4815;22;;;4822;23;;;;;4819.0;1.7763671875
2;7000;COCONUTS;7914;196;;;;;7917;196;;;;;7915.5;0.0
2;7000;PINA_COLADAS;14825;40;14824;58;;;14827;40;14828;58;;;14826.0;-5019.0
2;7100;COCONUTS;7914;25;7913;124;;;7916;189;;;;;7915.0;0.0
2;7100;PINA_COLADAS;14822;31;14821;67;;;14824;31;14825;67;;;14823.0;-5918.5
2;7100;PEARLS;9996;2;9995;25;;;10004;2;10005;25;;;10000.0;168.0
2;7100;BANANAS;4816;27;;;;;4819;4;4823;27;;;4817.5;2.7685546875
2;7200;COCONUTS;7914;198;;;;;7917;198;;;;;7915.5;0.0
2;7200;PINA_COLADAS;14822;109;;;;;14825;109;;;;;14823.5;-5802.5
2;7200;PEARLS;9995;20;;;;;10005;20;;;;;10000.0;168.0
2;7200;BANANAS;4815;20;;;;;4822;20;;;;;4818.5;-1.85546875
2;7300;PINA_COLADAS;14823;94;;;;;14826;94;;;;;14824.5;-5526.5
2;7300;PEARLS;9996;1;9995;21;;;10004;1;10005;21;;;10000.0;168.0
2;7300;BANANAS;4815;1;4814;21;;;4821;22;;;;;4818.0;-5.90625
2;7300;COCONUTS;7914;182;;;;;7917;182;;;;;7915.5;0.0
2;7400;BANANAS;4815;27;;;;;4821;2;4822;26;;;4818.0;-3.103515625
2;7400;PEARLS;9996;2;9995;26;;;10004;2;10005;26;;;10000.0;168.0
2;7400;COCONUTS;7914;185;;;;;7916;71;7917;114;;;7915.0;0.0
2;7400;PINA_COLADAS;14822;106;;;;;14825;39;14826;67;;;14823.5;-5657.0
2;7500;COCONUTS;7915;169;;;;;7918;169;;;;;7916.5;0.0
2;7500;PINA_COLADAS;14826;100;;;;;14829;100;;;;;14827.5;-4540.5
2;7500;BANANAS;4814;21;;;;;4821;21;;;;;4817.5;-5.283203125
2;7500;PEARLS;9995;21;;;;;10005;21;;;;;10000.0;168.0
2;7600;COCONUTS;7915;208;;;;;7916;76;7917;59;7918;149;7915.5;0.0
2;7600;PINA_COLADAS;14824;97;;;;;14827;97;;;;;14825.5;-5205.5
2;7600;BANANAS;4815;2;4814;31;;;4821;31;;;;;4818.0;-7.3671875
2;7600;PEARLS;9998;2;9996;1;9995;30;10004;1;10005;30;;;10001.0;168.0
2;7700;PINA_COLADAS;14825;107;;;;;14828;107;;;;;14826.5;-4788.0
2;7700;BANANAS;4814;25;;;;;4819;3;4821;25;;;4816.5;-8.53125
2;7700;PEARLS;9995;25;;;;;9998;1;10002;3;10005;25;9996.5;168.0
2;7700;COCONUTS;7915;178;;;;;7918;178;;;;;7916.5;0.0
2;7800;BANANAS;4816;1;4814;22;;;4818;2;4820;22;;;4817.0;-10.62109375
2;7800;PEARLS;9995;22;;;;;10002;1;10005;22;;;9998.5;170.0
2;7800;COCONUTS;7914;176;;;;;7917;176;;;;;7915.5;0.0
2;7800;PINA_COLADAS;14825;86;;;;;14828;86;;;;;14826.5;-4871.5
2;7900;PINA_COLADAS;14827;89;;;;;14830;89;;;;;14828.5;-4171.0
2;7900;BANANAS;4813;24;;;;;4820;24;;;;;4816.5;-12.65625
2;7900;PEARLS;9996;1;9995;23;;;10004;1;10005;23;;;10000.0;170.0
2;7900;COCONUTS;7915;166;;;;;7918;166;;;;;7916.5;0.0
2;8000;PINA_COLADAS;14826;97;;;;;14829;97;;;;;14827.5;-4465.5
2;8000;BANANAS;4813;22;;;;;4817;8;4819;22;;;4815.0;-15.640625
2;8000;PEARLS;9995;22;;;;;10002;8;10005;22;;;9998.5;170.0
2;8000;COCONUTS;7915;175;;;;;7918;175;;;;;7916.5;0.0
2;8100;PINA_COLADAS;14823;88;;;;;14826;37;14827;51;;;14824.5;-5352.5
2;8100;BANANAS;4812;31;;;;;4818;1;4819;30;;;4815.0;-33.109375
2;8100;PEARLS;9996;1;9995;30;;;10004;1;10005;30;;;10000.0;170.0
2;8100;COCONUTS;7914;192;;;;;7915;40;7917;192;;;7914.5;0.0
2;8200;BANANAS;4816;5;4812;24;;;4819;24;;;;;4817.5;-31.8671875
2;8200;PEARLS;9995;24;;;;;10005;24;;;;;10000.0;197.0
2;8200;COCONUTS;7914;40;7913;109;;;7916;149;;;;;7915.0;0.0
2;8200;PINA_COLADAS;14823;100;;;;;14826;100;;;;;14824.5;-5371.0
2;8300;PINA_COLADAS;14823;24;14822;56;;;14826;80;;;;;14824.5;-5562.5
2;8300;BANANAS;4812;24;;;;;4819;24;;;;;4815.5;-30.3515625
2;8300;PEARLS;9996;1;9995;23;;;10004;1;10005;23;;;10000.0;197.0
2;8300;COCONUTS;7914;105;7913;131;;;7916;193;;;;;7915.0;0.0
2;8400;PINA_COLADAS;14823;23;14822;74;;;14825;23;14826;74;;;14824.0;-5609.0
2;8400;BANANAS;4813;1;4812;23;;;4819;24;;;;;4816.0;-26.625
2;8400;PEARLS;9996;1;9995;23;;;10004;1;10005;23;;;10000.0;197.0
2;8400;COCONUTS;7914;58;7913;143;;;7916;201;;;;;7915.0;0.0
2;8500;PINA_COLADAS;14825;107;;;;;14828;107;;;;;14826.5;-4784.0
2;8500;BANANAS;4812;21;;;;;4819;21;;;;;4815.5;-26.484375
2;8500;PEARLS;9995;21;;;;;10005;21;;;;;10000.0;197.0
2;8500;COCONUTS;7914;44;7913;209;;;7916;209;;;;;7915.0;0.0
2;8600;BANANAS;4813;25;;;;;4819;1;4820;24;;;4816.0;-22.1875
2;8600;PEARLS;9996;1;9995;24;;;10004;1;10005;24;;;10000.0;197.0
2;8600;COCONUTS;7915;169;;;;;7917;68;7918;101;;;7916.0;0.0
2;8600;PINA_COLADAS;14827;90;;;;;14830;90;;;;;14828.5;-4300.0
2;8700;PINA_COLADAS;14828;40;14827;59;;;14830;40;14831;59;;;14829.0;-4079.5
2;8700;BANANAS;4812;30;;;;;4819;30;;;;;4815.5;-26.6875
2;8700;PEARLS;9995;30;;;;;10005;30;;;;;10000.0;197.0
2;8700;COCONUTS;7915;181;;;;;7917;57;7918;124;;;7916.0;0.0
2;8800;PINA_COLADAS;14828;80;;;;;14829;20;14831;80;;;14828.5;-4045.0
2;8800;BANANAS;4814;1;4813;24;;;4819;2;4820;22;;;4816.5;-20.953125
2;8800;PEARLS;9998;1;9996;2;9995;22;10004;2;10005;22;;;10001.0;197.0
2;8800;COCONUTS;7914;157;;;;;7917;157;;;;;7915.5;0.0
2;8900;PEARLS;9996;2;9995;27;;;10004;2;10005;27;;;10000.0;218.0
2;8900;BANANAS;4813;29;;;;;4820;29;;;;;4816.5;-15.4453125
2;8900;COCONUTS;7913;213;;;;;7916;213;;;;;7914.5;0.0
2;8900;PINA_COLADAS;14826;105;;;;;14829;105;;;;;14827.5;-4525.5
2;9000;PEARLS;9995;20;;;;;10005;20;;;;;10000.0;218.0
2;9000;BANANAS;4813;20;;;;;4820;20;;;;;4816.5;-20.578125
2;9000;COCONUTS;7912;158;;;;;7915;158;;;;;7913.5;0.0
2;9000;PINA_COLADAS;14826;27;14825;59;;;14827;32;14828;27;14829;59;14826.5;-4675.0
2;9100;PEARLS;9998;3;9996;1;9995;25;10004;1;10005;25;;;10001.0;218.0
2;9100;BANANAS;4814;29;;;;;4820;26;;;;;4817.0;-11.390625
2;9100;COCONUTS;7913;221;;;;;7915;78;7916;143;;;7914.0;0.0
2;9100;PINA_COLADAS;14824;97;;;;;14827;97;;;;;14825.5;-5139.5
2;9200;PINA_COLADAS;14825;101;;;;;14828;101;;;;;14826.5;-4799.5
2;9200;PEARLS;9998;2;9995;21;;;10005;21;;;;;10001.5;218.0
2;9200;BANANAS;4815;2;4814;21;;;4821;21;;;;;4818.0;-3.2421875
2;9200;COCONUTS;7913;201;;;;;7915;61;7916;140;;;7914.0;0.0
2;9300;PEARLS;9996;2;9995;23;;;10004;2;10005;23;;;10000.0;218.0
2;9300;BANANAS;4819;1;4814;25;;;4821;25;;;;;4820.0;-4.8359375
2;9300;COCONUTS;7911;187;;;;;7914;187;;;;;7912.5;0.0
2;9300;PINA_COLADAS;14821;81;;;;;14824;81;;;;;14822.5;-5981.5
2;9400;PEARLS;9995;30;;;;;10005;30;;;;;10000.0;218.0
2;9400;BANANAS;4814;29;;;;;4820;30;;;;;4817.0;-8.90234375
2;9400;COCONUTS;7912;192;;;;;7915;192;;;;;7913.5;0.0
2;9400;PINA_COLADAS;14826;22;14825;95;;;14828;95;;;;;14827.0;-4946.0
2;9500;PEARLS;9996;1;9995;27;;;10004;1;10005;27;;;10000.0;218.0
2;9500;BANANAS;4814;28;;;;;4820;28;;;;;4817.0;-6.6484375
2;9500;COCONUTS;7912;76;7911;123;;;7914;199;;;;;7913.0;0.0
2;9500;PINA_COLADAS;14821;92;;;;;14824;92;;;;;14822.5;-6118.5
2;9600;PINA_COLADAS;14825;92;;;;;14828;92;;;;;14826.5;-4790.0
2;9600;PEARLS;9998;6;9996;2;9995;30;10004;2;10005;30;;;10001.0;218.0
2;9600;COCONUTS;7913;173;;;;;7916;173;;;;;7914.5;0.0
2;9600;BANANAS;4819;1;4815;6;4814;32;4820;32;;;;;4819.5;-6.58984375
2;9700;BANANAS;4814;1;4813;26;;;4820;27;;;;;4817.0;-9.6015625
2;9700;PEARLS;9996;1;9995;26;;;10004;1;10005;26;;;10000.0;218.0
2;9700;COCONUTS;7914;55;7913;150;;;7916;205;;;;;7915.0;0.0
2;9700;PINA_COLADAS;14827;25;14826;77;;;14829;77;;;;;14828.0;-4606.5
2;9800;PEARLS;9996;1;9995;29;;;9998;1;10002;8;10004;1;9997.0;218.0
2;9800;COCONUTS;7914;65;7913;101;;;7916;166;;;;;7915.0;0.0
2;9800;BANANAS;4813;30;;;;;4818;8;4820;30;;;4815.5;-11.37890625
2;9800;PINA_COLADAS;14826;32;14825;51;;;14828;32;14829;51;;;14827.0;-4706.0
2;9900;BANANAS;4818;1;4814;2;4813;31;4820;31;;;;;4819.0;-13.09375
2;9900;PEARLS;9998;2;9996;2;9995;29;10000;6;10004;2;10005;29;9999.0;226.0
2;9900;COCONUTS;7914;195;;;;;7916;52;7917;143;;;7915.0;0.0
2;9900;PINA_COLADAS;14827;23;14826;77;;;14829;77;;;;;14828.0;-4591.5
2;10000;PINA_COLADAS;14829;30;14828;57;;;14831;30;14832;57;;;14830.0;-3817.5
2;10000;PEARLS;9995;23;;;;;10002;1;10005;23;;;9998.5;233.0
2;10000;COCONUTS;7914;196;;;;;7917;196;;;;;7915.5;0.0
2;10000;BANANAS;4813;23;;;;;4818;1;4820;23;;;4815.5;-11.97265625
2;10100;BANANAS;4813;22;;;;;4820;22;;;;;4816.5;-11.64453125
2;10100;PEARLS;9995;22;;;;;10005;22;;;;;10000.0;233.0
2;10100;COCONUTS;7915;203;;;;;7916;60;7918;203;;;7915.5;0.0
2;10100;PINA_COLADAS;14830;91;;;;;14833;91;;;;;14831.5;-3351.0
2;10200;PEARLS;9996;2;9995;23;;;10002;1;10004;2;10005;23;9999.0;233.0
2;10200;COCONUTS;7916;145;;;;;7918;40;7919;105;;;7917.0;0.0
2;10200;BANANAS;4813;25;;;;;4814;8;4818;1;4820;25;4813.5;-12.046875
2;10200;PINA_COLADAS;14831;33;14830;98;;;14833;30;14834;68;;;14832.0;-3252.5
2;10300;BANANAS;4812;21;;;;;4819;21;;;;;4815.5;-5.5625
2;10300;PEARLS;9995;21;;;;;10005;21;;;;;10000.0;233.0
2;10300;COCONUTS;7916;183;;;;;7919;183;;;;;7917.5;0.0
2;10300;PINA_COLADAS;14829;85;;;;;14832;85;;;;;14830.5;-3588.0
2;10400;PINA_COLADAS;14830;78;;;;;14833;78;;;;;14831.5;-3364.0
2;10400;PEARLS;9995;21;;;;;10005;21;;;;;10000.0;233.0
2;10400;COCONUTS;7916;212;;;;;7919;212;;;;;7917.5;0.0
2;10400;BANANAS;4813;21;;;;;4819;21;;;;;4816.0;-0.578125
2;10500;BANANAS;4813;29;;;;;4817;2;4819;29;;;4815.0;0.578125
2;10500;PEARLS;9995;29;;;;;10002;1;10005;29;;;9998.5;233.0
2;10500;COCONUTS;7918;163;;;;;7921;163;;;;;7919.5;0.0
2;10500;PINA_COLADAS;14835;28;14834;56;;;14838;84;;;;;14836.5;-1970.5
2;10600;PEARLS;10000;4;9996;1;9995;26;10002;4;10004;1;10005;26;10001.0;233.0
2;10600;COCONUTS;7919;77;7918;158;;;7921;158;;;;;7920.0;0.0
2;10600;BANANAS;4812;27;;;;;4817;3;4819;27;;;4814.5;-8.5546875
2;10600;PINA_COLADAS;14835;76;;;;;14836;33;14838;76;;;14835.5;-1895.5
2;10700;BANANAS;4812;22;;;;;4818;1;4819;21;;;4815.0;-15.0859375
2;10700;PEARLS;9996;1;9995;21;;;10004;1;10005;21;;;10000.0;233.0
2;10700;COCONUTS;7918;190;;;;;7921;190;;;;;7919.5;0.0
2;10700;PINA_COLADAS;14834;96;;;;;14837;23;14838;73;;;14835.5;-2052.0
2;10800;PINA_COLADAS;14835;85;;;;;14838;85;;;;;14836.5;-1797.0
2;10800;PEARLS;9996;2;9995;23;;;10004;2;10005;23;;;10000.0;239.0
2;10800;COCONUTS;7917;169;;;;;7920;169;;;;;7918.5;0.0
2;10800;BANANAS;4817;1;4812;25;;;4818;25;;;;;4817.5;-17.125
2;10900;BANANAS;4813;10;4812;32;;;4818;32;;;;;4815.5;-17.0078125
2;10900;PEARLS;9998;10;9996;2;9995;30;10004;2;10005;30;;;10001.0;239.0
2;10900;COCONUTS;7917;188;;;;;7920;188;;;;;7918.5;0.0
2;10900;PINA_COLADAS;14835;83;;;;;14838;83;;;;;14836.5;-1933.0
2;11000;PEARLS;9996;1;9995;24;;;10004;1;10005;24;;;10000.0;239.0
2;11000;COCONUTS;7919;169;;;;;7922;169;;;;;7920.5;0.0
2;11000;BANANAS;4812;25;;;;;4818;1;4819;24;;;4815.0;-10.984375
2;11000;PINA_COLADAS;14838;30;14837;66;;;14840;30;14841;66;;;14839.0;-1115.5
2;11100;PEARLS;9996;2;9995;25;;;10004;2;10005;25;;;10000.0;239.0
2;11100;BANANAS;4812;27;;;;;4818;27;;;;;4815.0;-18.34375
2;11100;COCONUTS;7919;188;;;;;7922;188;;;;;7920.5;0.0
2;11100;PINA_COLADAS;14837;85;;;;;14840;85;;;;;14838.5;-1191.5
2;11200;PINA_COLADAS;14839;20;14838;75;;;14841;20;14842;75;;;14840.0;-835.5
2;11200;COCONUTS;7919;169;;;;;7922;169;;;;;7920.5;0.0
2;11200;PEARLS;9996;1;9995;26;;;10004;1;10005;26;;;10000.0;239.0
2;11200;BANANAS;4811;27;;;;;4817;27;;;;;4814.0;-34.0859375
2;11300;PEARLS;9995;29;;;;;9998;1;10005;29;;;9996.5;239.0
2;11300;BANANAS;4811;29;;;;;4818;29;;;;;4814.5;-28.53125
2;11300;COCONUTS;7919;156;;;;;7922;156;;;;;7920.5;0.0
2;11300;PINA_COLADAS;14840;104;;;;;14843;104;;;;;14841.5;-430.5
2;11400;COCONUTS;7918;46;7917;126;;;7920;172;;;;;7919.0;0.0
2;11400;PEARLS;10002;1;9995;22;;;10005;22;;;;;10003.5;241.0
2;11400;BANANAS;4810;22;;;;;4817;22;;;;;4813.5;-37.140625
2;11400;PINA_COLADAS;14835;100;;;;;14838;100;;;;;14836.5;-1825.0
2;11500;PEARLS;9995;27;;;;;10005;27;;;;;10000.0;243.0
2;11500;BANANAS;4811;27;;;;;4817;27;;;;;4814.0;-36.0390625
2;11500;COCONUTS;7918;161;;;;;7919;61;7920;53;7921;108;7918.5;0.0
2;11500;PINA_COLADAS;14833;74;;;;;14836;21;14837;53;;;14834.5;-2350.0
2;11600;PINA_COLADAS;14836;80;;;;;14839;80;;;;;14837.5;-1607.0
2;11600;COCONUTS;7919;158;;;;;7921;51;7922;107;;;7920.0;0.0
2;11600;PEARLS;9998;6;9996;1;9995;30;10004;1;10005;30;;;10001.0;243.0
2;11600;BANANAS;4812;6;4811;31;;;4817;31;;;;;4814.5;-34.015625
2;11700;PEARLS;9996;1;9995;22;;;10000;2;10004;1;10005;22;9998.0;243.0
2;11700;BANANAS;4811;1;4810;22;;;4817;23;;;;;4814.0;-39.5625
2;11700;COCONUTS;7920;73;7919;133;;;7922;206;;;;;7921.0;0.0
2;11700;PINA_COLADAS;14839;38;14838;58;;;14841;38;14842;58;;;14840.0;-806.5
2;11800;COCONUTS;7919;180;;;;;7922;180;;;;;7920.5;0.0
2;11800;BANANAS;4811;27;;;;;4817;27;;;;;4814.0;-36.875
2;11800;PEARLS;9996;2;9995;25;;;10004;2;10005;25;;;10000.0;243.0
2;11800;PINA_COLADAS;14841;96;;;;;14844;96;;;;;14842.5;-50.5
2;11900;BANANAS;4811;21;;;;;4817;1;4818;20;;;4814.0;-32.640625
2;11900;PEARLS;9996;1;9995;20;;;10004;1;10005;20;;;10000.0;243.0
2;11900;COCONUTS;7920;193;;;;;7923;193;;;;;7921.5;0.0
2;11900;PINA_COLADAS;14843;27;14842;53;;;14846;80;;;;;14844.5;429.5
2;12000;PINA_COLADAS;14844;103;;;;;14847;34;14848;69;;;14845.5;940.0
2;12000;COCONUTS;7921;183;;;;;7924;183;;;;;7922.5;0.0
2;12000;BANANAS;4811;24;;;;;4814;2;4817;24;;;4812.5;-34.375
2;12000;PEARLS;9996;2;9995;22;;;9998;1;10004;2;10005;22;9997.0;243.0
2;12100;BANANAS;4811;24;;;;;4817;24;;;;;4814.0;-36.109375
2;12100;PEARLS;9995;24;;;;;9998;2;10005;24;;;9996.5;245.0
2;12100;COCONUTS;7923;166;;;;;7926;166;;;;;7924.5;0.0
2;12100;PINA_COLADAS;14845;94;;;;;14848;94;;;;;14846.5;1102.0
2;12200;COCONUTS;7922;206;;;;;7925;206;;;;;7923.5;0.0
2;12200;BANANAS;4810;24;;;;;4815;3;4816;1;4817;24;4812.5;-47.0078125
2;12200;PEARLS;9996;1;9995;24;;;10002;3;10004;1;10005;24;9999.0;249.0
2;12200;PINA_COLADAS;14847;86;;;;;14850;30;14851;56;;;14848.5;1848.0
2;12300;BANANAS;4810;21;;;;;4816;1;4817;20;;;4813.0;-47.4375
2;12300;PEARLS;9996;1;9995;20;;;10004;1;10005;20;;;10000.0;249.0
2;12300;COCONUTS;7923;187;;;;;7925;41;7926;146;;;7924.0;0.0
2;12300;PINA_COLADAS;14848;108;;;;;14849;22;14851;108;;;14848.5;2033.5
2;12400;PINA_COLADAS;14855;100;;;;;14858;100;;;;;14856.5;4204.5
2;12400;BANANAS;4810;29;;;;;4811;1;4817;29;;;4810.5;-43.3515625
2;12400;PEARLS;9996;1;9995;28;;;10004;1;10005;28;;;10000.0;252.0
2;12400;COCONUTS;7924;166;;;;;7927;166;;;;;7925.5;0.0
2;12500;BANANAS;4811;2;4810;22;;;4817;24;;;;;4814.0;-38.28125
2;12500;PEARLS;9996;2;9995;22;;;10004;2;10005;22;;;10000.0;252.0
2;12500;COCONUTS;7925;52;7924;131;;;7927;183;;;;;7926.0;0.0
2;12500;PINA_COLADAS;14852;6;14851;51;;;14854;27;14855;51;;;14853.0;3085.5
2;12600;BANANAS;4811;2;4810;28;;;4817;30;;;;;4814.0;-37.359375
2;12600;PEARLS;9996;2;9995;28;;;10004;2;10005;28;;;10000.0;252.0
2;12600;COCONUTS;7926;169;;;;;7929;169;;;;;7927.5;0.0
2;12600;PINA_COLADAS;14856;99;;;;;14859;99;;;;;14857.5;4439.0
2;12700;BANANAS;4811;24;;;;;4817;1;4818;23;;;4814.0;-29.6640625
2;12700;PEARLS;9996;1;9995;23;;;9998;3;10004;1;10005;23;9997.0;252.0
2;12700;COCONUTS;7927;66;7926;109;;;7929;175;;;;;7928.0;0.0
2;12700;PINA_COLADAS;14860;25;14859;74;;;14862;25;14863;74;;;14861.0;5470.5
2;12800;PINA_COLADAS;14858;101;;;;;14861;101;;;;;14859.5;4987.25
2;12800;BANANAS;4812;4;4811;24;;;4817;24;;;;;4814.5;-31.4921875
2;12800;PEARLS;9998;4;9996;1;9995;23;10004;1;10005;23;;;10001.0;258.0
2;12800;COCONUTS;7926;199;;;;;7929;199;;;;;7927.5;0.0
2;12900;BANANAS;4816;1;4811;29;;;4818;29;;;;;4817.0;-28.7421875
2;12900;PEARLS;9995;29;;;;;10005;29;;;;;10000.0;258.0
2;12900;COCONUTS;7926;153;;;;;7929;153;;;;;7927.5;0.0
2;12900;PINA_COLADAS;14857;87;;;;;14860;87;;;;;14858.5;4736.0
2;13000;BANANAS;4813;3;4811;26;;;4817;26;;;;;4815.0;-31.375
2;13000;PEARLS;9996;1;9995;25;;;9998;1;10004;1;10005;25;9997.0;258.0
2;13000;COCONUTS;7925;215;;;;;7928;215;;;;;7926.5;0.0
2;13000;PINA_COLADAS;14857;13;14855;96;;;14858;96;;;;;14857.5;4245.25
2;13100;BANANAS;4811;25;;;;;4817;25;;;;;4814.0;-29.2265625
2;13100;PEARLS;10002;3;9996;1;9995;24;10004;1;10005;24;;;10003.0;260.0
2;13100;COCONUTS;7926;149;;;;;7929;149;;;;;7927.5;0.0
2;13100;PINA_COLADAS;14856;87;;;;;14859;87;;;;;14857.5;4494.5
2;13200;PINA_COLADAS;14858;33;14857;70;;;14860;33;14861;70;;;14859.0;4910.0
2;13200;BANANAS;4810;21;;;;;4816;1;4817;20;;;4813.0;-42.421875
2;13200;PEARLS;9996;1;9995;20;;;10004;1;10005;20;;;10000.0;266.0
2;13200;COCONUTS;7927;159;;;;;7930;159;;;;;7928.5;0.0
2;13300;PEARLS;9996;1;9995;29;;;10004;1;10005;29;;;10000.0;266.0
2;13300;BANANAS;4810;30;;;;;4816;1;4817;29;;;4813.0;-44.546875
2;13300;COCONUTS;7927;199;;;;;7930;199;;;;;7928.5;0.0
2;13300;PINA_COLADAS;14857;111;;;;;14860;111;;;;;14858.5;4848.75
2;13400;PEARLS;9996;2;9995;29;;;10004;2;10005;29;;;10000.0;266.0
2;13400;BANANAS;4810;2;4809;29;;;4816;31;;;;;4813.0;-52.7109375
2;13400;COCONUTS;7927;205;;;;;7930;205;;;;;7928.5;0.0
2;13400;PINA_COLADAS;14855;34;14854;75;;;14857;34;14858;75;;;14856.0;4104.75
2;13500;PINA_COLADAS;14858;22;14857;60;;;14860;22;14861;60;;;14859.0;4918.5
2;13500;PEARLS;9996;2;9995;21;;;10004;2;10005;21;;;10000.0;266.0
2;13500;BANANAS;4810;2;4809;21;;;4816;23;;;;;4813.0;-54.15625
2;13500;COCONUTS;7928;207;;;;;7931;207;;;;;7929.5;0.0
2;13600;PEARLS;10002;1;10000;3;9998;7;10005;30;;;;;10003.5;266.0
2;13600;BANANAS;4810;7;4809;30;;;4816;30;;;;;4813.0;-52.078125
2;13600;COCONUTS;7926;176;;;;;7929;176;;;;;7927.5;0.0
2;13600;PINA_COLADAS;14854;32;14853;69;;;14856;32;14857;69;;;14855.0;3832.5
2;13700;PEARLS;9996;1;9995;29;;;10002;9;10004;1;10005;29;9999.0;268.0
2;13700;BANANAS;4810;30;;;;;4814;9;4816;30;;;4812.0;-47.9375
2;13700;COCONUTS;7926;72;7925;133;;;7928;205;;;;;7927.0;0.0
2;13700;PINA_COLADAS;14853;78;;;;;14856;78;;;;;14854.5;3630.5
2;13800;PEARLS;9995;26;;;;;10002;1;10005;26;;;9998.5;268.0
2;13800;BANANAS;4810;26;;;;;4815;1;4817;26;;;4812.5;-45.6640625
2;13800;COCONUTS;7926;75;7925;139;;;7928;214;;;;;7927.0;0.0
2;13800;PINA_COLADAS;14856;7;14854;72;;;14857;72;;;;;14856.5;4004.5
2;13900;PINA_COLADAS;14854;89;;;;;14857;89;;;;;14855.5;3882.0
2;13900;PEARLS;9996;1;9995;20;;;10002;5;10004;1;10005;20;9999.0;268.0
2;13900;BANANAS;4810;20;;;;;4815;5;4816;1;4817;20;4812.5;-44.859375
2;13900;COCONUTS;7925;181;;;;;7928;181;;;;;7926.5;0.0
2;14000;BANANAS;4810;29;;;;;4817;29;;;;;4813.5;-40.7109375
2;14000;PEARLS;9996;1;9995;28;;;10004;1;10005;28;;;10000.0;268.0
2;14000;COCONUTS;7926;69;7925;199;;;7928;199;;;;;7927.0;0.0
2;14000;PINA_COLADAS;14853;93;;;;;14856;93;;;;;14854.5;3629.0
2;14100;PEARLS;9996;1;9995;27;;;10004;1;10005;27;;;10000.0;268.0
2;14100;COCONUTS;7925;158;;;;;7928;158;;;;;7926.5;0.0
2;14100;PINA_COLADAS;14852;91;;;;;14855;91;;;;;14853.5;3470.0
2;14100;BANANAS;4810;28;;;;;4816;1;4817;27;;;4813.0;-42.46875
2;14200;PEARLS;9996;1;9995;26;;;10004;1;10005;26;;;10000.0;268.0
2;14200;COCONUTS;7924;42;7923;125;;;7926;167;;;;;7925.0;0.0
2;14200;PINA_COLADAS;14850;82;;;;;14853;82;;;;;14851.5;2793.25
2;14200;BANANAS;4810;27;;;;;4816;1;4817;26;;;4813.0;-45.375
2;14300;PINA_COLADAS;14848;79;;;;;14851;29;14852;50;;;14849.5;2392.5
2;14300;BANANAS;4810;32;;;;;4817;32;;;;;4813.5;-37.8125
2;14300;PEARLS;9996;2;9995;30;;;10004;2;10005;30;;;10000.0;268.0
2;14300;COCONUTS;7924;80;7923;191;;;7926;191;;;;;7925.0;0.0
2;14400;BANANAS;4811;1;4810;26;;;4817;27;;;;;4814.0;-32.7890625
2;14400;PEARLS;10002;1;9996;1;9995;26;10004;1;10005;26;;;10003.0;268.0
2;14400;COCONUTS;7925;175;;;;;7927;44;7928;131;;;7926.0;0.0
2;14400;PINA_COLADAS;14851;86;;;;;14854;86;;;;;14852.5;3150.25
2;14500;PEARLS;9996;1;9995;20;;;9998;9;10002;2;10004;1;9997.0;270.0
2;14500;COCONUTS;7925;186;;;;;7928;186;;;;;7926.5;0.0
2;14500;PINA_COLADAS;14856;90;;;;;14859;90;;;;;14857.5;4452.5
2;14500;BANANAS;4811;21;;;;;4816;2;4817;1;4818;20;4813.5;-26.734375
2;14600;PEARLS;9996;1;9995;22;;;10002;4;10004;1;10005;22;9999.0;288.0
2;14600;COCONUTS;7926;193;;;;;7929;193;;;;;7927.5;0.0
2;14600;PINA_COLADAS;14858;92;;;;;14861;92;;;;;14859.5;5092.25
2;14600;BANANAS;4811;23;;;;;4816;4;4818;23;;;4813.5;-21.1328125
2;14700;PINA_COLADAS;14859;100;;;;;14862;100;;;;;14860.5;5294.5
2;14700;BANANAS;4815;1;4810;26;;;4817;26;;;;;4816.0;-39.625
2;14700;PEARLS;10000;2;9995;26;;;10005;26;;;;;10002.5;288.0
2;14700;COCONUTS;7928;46;7927;138;;;7930;184;;;;;7929.0;0.0
2;14800;BANANAS;4810;24;;;;;4811;2;4816;24;;;4810.5;-44.1640625
2;14800;PEARLS;9996;1;9995;23;;;10004;1;10005;23;;;10000.0;288.0
2;14800;COCONUTS;7926;156;;;;;7929;156;;;;;7927.5;0.0
2;14800;PINA_COLADAS;14856;97;;;;;14859;97;;;;;14857.5;4551.75
2;14900;PEARLS;9996;1;9995;20;;;10004;1;10005;20;;;10000.0;288.0
2;14900;COCONUTS;7925;60;7924;107;;;7927;167;;;;;7926.0;0.0
2;14900;PINA_COLADAS;14855;104;;;;;14856;23;14858;104;;;14855.5;4311.0
2;14900;BANANAS;4810;21;;;;;4816;1;4817;20;;;4813.0;-38.875
2;15000;PEARLS;9998;1;9995;25;;;10005;25;;;;;10001.5;288.0
2;15000;COCONUTS;7924;174;;;;;7927;174;;;;;7925.5;0.0
2;15000;PINA_COLADAS;14854;100;;;;;14857;100;;;;;14855.5;3921.5
2;15000;BANANAS;4815;1;4810;4;4809;25;4816;25;;;;;4815.5;-48.4765625
2;15100;PINA_COLADAS;14856;88;;;;;14859;88;;;;;14857.5;4464.25
2;15100;BANANAS;4810;10;4809;26;;;4816;26;;;;;4813.0;-48.4140625
2;15100;PEARLS;9998;10;9995;26;;;10005;26;;;;;10001.5;288.0
2;15100;COCONUTS;7925;175;;;;;7927;40;7928;135;;;7926.0;0.0
2;15200;BANANAS;4810;25;;;;;4814;10;4816;25;;;4812.0;-39.640625
2;15200;PEARLS;9995;25;;;;;10002;10;10005;25;;;9998.5;288.0
2;15200;COCONUTS;7925;184;;;;;7928;184;;;;;7926.5;0.0
2;15200;PINA_COLADAS;14859;71;;;;;14862;79;;;;;14860.5;5275.5
2;15300;PEARLS;9996;2;9995;24;;;10004;2;10005;24;;;10000.0;288.0
2;15300;COCONUTS;7926;197;;;;;7929;197;;;;;7927.5;0.0
2;15300;PINA_COLADAS;14862;109;;;;;14865;109;;;;;14863.5;6073.75
2;15300;BANANAS;4810;26;;;;;4816;26;;;;;4813.0;-41.1953125
2;15400;PEARLS;9996;1;9995;23;;;10004;1;10005;23;;;10000.0;288.0
2;15400;COCONUTS;7928;190;;;;;7930;58;7931;132;;;7929.0;0.0
2;15400;PINA_COLADAS;14865;32;14864;60;;;14867;32;14868;60;;;14866.0;6845.25
2;15400;BANANAS;4810;24;;;;;4816;24;;;;;4813.0;-38.5703125
2;15500;PINA_COLADAS;14865;80;;;;;14868;80;;;;;14866.5;6868.25
2;15500;PEARLS;10002;1;9998;1;9996;2;10004;2;10005;22;;;10003.0;288.0
2;15500;BANANAS;4811;1;4810;24;;;4816;24;;;;;4813.5;-38.6875
2;15500;COCONUTS;7928;194;;;;;7931;194;;;;;7929.5;0.0
2;15600;PEARLS;9996;2;9995;23;;;10002;6;10004;2;10005;23;9999.0;290.0
2;15600;BANANAS;4810;25;;;;;4815;7;4816;25;;;4812.5;-38.1015625
2;15600;COCONUTS;7928;156;;;;;7931;156;;;;;7929.5;0.0
2;15600;PINA_COLADAS;14866;29;14865;56;;;14868;29;14869;56;;;14867.0;7033.0
2;15700;COCONUTS;7929;182;;;;;7931;57;7932;125;;;7930.0;0.0
2;15700;PINA_COLADAS;14866;95;;;;;14869;39;14870;56;;;14867.5;7199.0
2;15700;PEARLS;9998;8;9996;1;9995;20;10004;1;10005;20;;;10001.0;290.0
2;15700;BANANAS;4811;9;4810;20;;;4817;21;;;;;4814.0;-28.3203125
2;15800;COCONUTS;7929;184;;;;;7932;184;;;;;7930.5;0.0
2;15800;PINA_COLADAS;14867;104;;;;;14870;104;;;;;14868.5;7341.75
2;15800;PEARLS;9996;2;9995;23;;;10004;2;10005;23;;;10000.0;291.0
2;15800;BANANAS;4810;25;;;;;4817;25;;;;;4813.5;-30.1796875
2;15900;PINA_COLADAS;14865;84;;;;;14868;84;;;;;14866.5;6963.75
2;15900;PEARLS;9996;1;9995;30;;;10004;1;10005;30;;;10000.0;291.0
2;15900;BANANAS;4810;31;;;;;4816;1;4817;30;;;4813.0;-37.3828125
2;15900;COCONUTS;7929;40;7928;133;;;7931;173;;;;;7930.0;0.0
2;16000;PEARLS;9995;23;;;;;10005;23;;;;;10000.0;291.0
2;16000;BANANAS;4810;23;;;;;4817;23;;;;;4813.5;-30.6875
2;16000;COCONUTS;7929;58;7928;140;;;7931;198;;;;;7930.0;0.0
2;16000;PINA_COLADAS;14862;82;;;;;14865;82;;;;;14863.5;6313.25
2;16100;COCONUTS;7929;205;;;;;7932;205;;;;;7930.5;0.0
2;16100;PINA_COLADAS;14863;111;;;;;14866;39;14867;72;;;14864.5;6562.0
2;16100;PEARLS;9996;2;9995;25;;;10004;2;10005;25;;;10000.0;291.0
2;16100;BANANAS;4811;2;4810;25;;;4817;27;;;;;4814.0;-26.7734375
2;16200;COCONUTS;7929;43;7928;150;;;7931;193;;;;;7930.0;0.0
2;16200;PINA_COLADAS;14862;26;14861;50;;;14865;76;;;;;14863.5;6205.75
2;16200;PEARLS;9998;6;9996;2;9995;21;10004;2;10005;21;;;10001.0;291.0
2;16200;BANANAS;4812;6;4811;23;;;4817;23;;;;;4814.5;-22.4765625
2;16300;PINA_COLADAS;14862;104;;;;;14865;104;;;;;14863.5;6228.5
2;16300;BANANAS;4816;1;4811;24;;;4818;24;;;;;4817.0;-14.6171875
2;16300;PEARLS;9996;2;9995;22;;;10004;2;10005;22;;;10000.0;291.0
2;16300;COCONUTS;7928;190;;;;;7931;190;;;;;7929.5;0.0
2;16400;BANANAS;4811;27;;;;;4818;27;;;;;4814.5;-12.0
2;16400;PEARLS;9996;1;9995;26;;;10004;1;10005;26;;;10000.0;294.0
2;16400;COCONUTS;7930;203;;;;;7933;203;;;;;7931.5;0.0
2;16400;PINA_COLADAS;14866;72;;;;;14869;72;;;;;14867.5;7106.5
2;16500;COCONUTS;7932;59;7931;183;;;7934;183;;;;;7933.0;0.0
2;16500;PINA_COLADAS;14867;104;;;;;14870;104;;;;;14868.5;7309.75
2;16500;BANANAS;4812;1;4811;22;;;4818;23;;;;;4815.0;-7.78125
2;16500;PEARLS;9996;1;9995;22;;;10004;1;10005;22;;;10000.0;294.0
2;16600;COCONUTS;7931;169;;;;;7934;169;;;;;7932.5;0.0
2;16600;PINA_COLADAS;14867;100;;;;;14870;100;;;;;14868.5;7394.5
2;16600;BANANAS;4812;29;;;;;4818;2;4819;27;;;4815.0;-0.5859375
2;16600;PEARLS;10002;3;9996;2;9995;27;10004;2;10005;27;;;10003.0;294.0
2;16700;PINA_COLADAS;14869;21;14868;67;;;14872;88;;;;;14870.5;7693.75
2;16700;BANANAS;4812;32;;;;;4818;2;4819;30;;;4815.0;2.0546875
2;16700;PEARLS;9996;2;9995;30;;;10004;2;10005;30;;;10000.0;300.0
2;16700;COCONUTS;7932;189;;;;;7934;40;7935;149;;;7933.0;0.0
2;16800;BANANAS;4812;28;;;;;4817;9;4818;2;4819;26;4814.5;-0.375
2;16800;PEARLS;9996;2;9995;26;;;10002;9;10004;2;10005;26;9999.0;300.0
2;16800;COCONUTS;7931;40;7930;135;;;7933;175;;;;;7932.0;0.0
2;16800;PINA_COLADAS;14865;76;;;;;14868;76;;;;;14866.5;6901.5
2;16900;PINA_COLADAS;14863;57;;;;;14864;11;14866;21;14867;57;14863.5;6583.75
2;16900;BANANAS;4812;23;;;;;4819;23;;;;;4815.5;4.0703125
2;16900;PEARLS;10002;1;9995;23;;;10005;23;;;;;10003.5;300.0
2;16900;COCONUTS;7930;58;7929;135;;;7932;193;;;;;7931.0;0.0
2;17000;PINA_COLADAS;14865;85;;;;;14868;85;;;;;14866.5;6865.25
2;17000;BANANAS;4813;5;4812;28;;;4819;28;;;;;4816.0;3.171875
2;17000;PEARLS;10002;5;9998;5;9996;1;10004;1;10005;27;;;10003.0;310.0
2;17000;COCONUTS;7930;203;;;;;7933;203;;;;;7931.5;0.0
2;17100;PINA_COLADAS;14863;96;;;;;14866;96;;;;;14864.5;6478.75
2;17100;BANANAS;4812;27;;;;;4819;27;;;;;4815.5;4.6953125
2;17100;PEARLS;9996;2;9995;25;;;10004;2;10005;25;;;10000.0;320.0
2;17100;COCONUTS;7930;157;;;;;7933;157;;;;;7931.5;0.0
2;17200;BANANAS;4811;26;;;;;4818;26;;;;;4814.5;-9.2265625
2;17200;PEARLS;10002;1;9996;2;9995;24;10004;2;10005;24;;;10003.0;320.0
2;17200;COCONUTS;7931;162;;;;;7933;162;;;;;7932.0;0.0
2;17200;PINA_COLADAS;14864;92;;;;;14867;92;;;;;14865.5;6660.0
2;17300;PINA_COLADAS;14866;28;14865;71;;;14868;28;14869;71;;;14867.0;7031.25
2;17300;BANANAS;4812;7;4811;29;;;4818;29;;;;;4815.0;-14.3203125
2;17300;PEARLS;9998;7;9995;29;;;10005;29;;;;;10001.5;322.0
2;17300;COCONUTS;7931;184;;;;;7932;78;7934;184;;;7931.5;0.0
2;17400;PINA_COLADAS;14864;38;14863;68;;;14866;38;14867;68;;;14865.0;6588.75
2;17400;BANANAS;4811;21;;;;;4816;10;4818;21;;;4813.5;-13.3046875
2;17400;PEARLS;9995;21;;;;;10002;10;10005;21;;;9998.5;322.0
2;17400;COCONUTS;7931;182;;;;;7934;182;;;;;7932.5;0.0
2;17500;PINA_COLADAS;14865;107;;;;;14868;107;;;;;14866.5;6851.75
2;17500;BANANAS;4811;1;4810;27;;;4817;28;;;;;4814.0;-22.6015625
2;17500;PEARLS;9996;1;9995;27;;;10004;1;10005;27;;;10000.0;322.0
2;17500;COCONUTS;7932;201;;;;;7935;201;;;;;7933.5;0.0
2;17600;BANANAS;4810;26;;;;;4815;3;4817;26;;;4812.5;-29.5859375
2;17600;PEARLS;9996;1;9995;25;;;10002;3;10004;1;10005;25;9999.0;322.0
2;17600;COCONUTS;7932;205;;;;;7935;205;;;;;7933.5;0.0
2;17600;PINA_COLADAS;14864;86;;;;;14867;86;;;;;14865.5;6693.25
2;17700;BANANAS;4812;4;4811;26;;;4817;2;4818;24;;;4814.5;-17.890625
2;17700;PEARLS;9998;4;9996;2;9995;24;10004;2;10005;24;;;10001.0;322.0
2;17700;COCONUTS;7931;208;;;;;7933;69;7934;139;;;7932.0;0.0
2;17700;PINA_COLADAS;14864;21;14863;50;;;14866;21;14867;50;;;14865.0;6581.0
2;17800;PINA_COLADAS;14865;89;;;;;14868;89;;;;;14866.5;6958.0
2;17800;PEARLS;9995;23;;;;;10002;6;10005;23;;;9998.5;322.0
2;17800;BANANAS;4811;23;;;;;4816;7;4818;23;;;4813.5;-13.3515625
2;17800;COCONUTS;7931;200;;;;;7934;200;;;;;7932.5;0.0
2;17900;PEARLS;9995;22;;;;;10005;22;;;;;10000.0;322.0
2;17900;BANANAS;4816;1;4811;22;;;4818;22;;;;;4817.0;-13.3125
2;17900;COCONUTS;7932;199;;;;;7935;199;;;;;7933.5;0.0
2;17900;PINA_COLADAS;14868;84;;;;;14871;84;;;;;14869.5;7530.0
2;18000;PEARLS;9998;10;9996;2;9995;23;10004;2;10005;23;;;10001.0;322.0
2;18000;BANANAS;4816;11;4812;10;4811;25;4817;2;4818;23;;;4816.5;-14.4453125
2;18000;COCONUTS;7933;44;7932;146;;;7935;190;;;;;7934.0;0.0
2;18000;PINA_COLADAS;14871;97;;;;;14874;97;;;;;14872.5;8192.75
2;18100;PEARLS;10000;6;9996;1;9995;30;10004;1;10005;30;;;10002.0;322.0
2;18100;BANANAS;4811;31;;;;;4818;31;;;;;4814.5;6.1328125
2;18100;COCONUTS;7932;170;;;;;7935;170;;;;;7933.5;0.0
2;18100;PINA_COLADAS;14872;21;14871;70;;;14874;21;14875;70;;;14873.0;8307.75
2;18200;PINA_COLADAS;14872;24;14871;58;;;14875;82;;;;;14873.5;8335.5
2;18200;PEARLS;9998;10;9995;28;;;10005;28;;;;;10001.5;322.0
2;18200;BANANAS;4812;10;4811;28;;;4818;28;;;;;4815.0;7.640625
2;18200;COCONUTS;7931;200;;;;;7934;200;;;;;7932.5;0.0
2;18300;PEARLS;9998;9;9996;2;9995;28;10004;2;10005;28;;;10001.0;324.0
2;18300;BANANAS;4812;9;4811;30;;;4818;30;;;;;4815.0;6.978515625
2;18300;COCONUTS;7931;152;;;;;7934;152;;;;;7932.5;0.0
2;18300;PINA_COLADAS;14872;96;;;;;14875;96;;;;;14873.5;8384.25
2;18400;PEARLS;9995;22;;;;;10005;22;;;;;10000.0;324.0
2;18400;BANANAS;4812;22;;;;;4819;22;;;;;4815.5;9.705078125
2;18400;COCONUTS;7931;221;;;;;7933;73;7934;148;;;7932.0;0.0
2;18400;PINA_COLADAS;14868;28;14867;59;;;14870;28;14871;59;;;14869.0;7523.0
2;18500;BANANAS;4812;1;4811;25;;;4818;26;;;;;4815.0;7.572265625
2;18500;PEARLS;9996;1;9995;25;;;10004;1;10005;25;;;10000.0;324.0
2;18500;COCONUTS;7929;206;;;;;7932;206;;;;;7930.5;0.0
2;18500;PINA_COLADAS;14862;102;;;;;14865;102;;;;;14863.5;6512.75
2;18600;PINA_COLADAS;14865;25;14864;75;;;14867;25;14868;75;;;14866.0;6952.0
2;18600;PEARLS;9996;2;9995;25;;;10004;2;10005;25;;;10000.0;324.0
2;18600;COCONUTS;7930;171;;;;;7933;171;;;;;7931.5;0.0
2;18600;BANANAS;4811;26;;;;;4817;2;4818;25;;;4814.0;5.140625
2;18700;BANANAS;4817;1;4812;27;;;4818;20;;;;;4817.5;8.5546875
2;18700;PEARLS;9998;7;9995;20;;;10005;20;;;;;10001.5;324.0
2;18700;COCONUTS;7930;178;;;;;7932;60;7933;118;;;7931.0;0.0
2;18700;PINA_COLADAS;14862;79;;;;;14865;79;;;;;14863.5;6455.25
2;18800;PEARLS;9996;2;9995;29;;;10004;2;10005;29;;;10000.0;324.0
2;18800;COCONUTS;7930;191;;;;;7933;191;;;;;7931.5;0.0
2;18800;BANANAS;4811;31;;;;;4817;2;4818;29;;;4814.0;8.115234375
2;18800;PINA_COLADAS;14862;93;;;;;14865;93;;;;;14863.5;6433.5
2;18900;BANANAS;4817;1;4812;1;4811;30;4818;31;;;;;4817.5;10.5234375
2;18900;PEARLS;9996;1;9995;30;;;10004;1;10005;30;;;10000.0;324.0
2;18900;COCONUTS;7930;188;;;;;7933;188;;;;;7931.5;0.0
2;18900;PINA_COLADAS;14864;36;14863;71;;;14867;107;;;;;14865.5;6800.0
2;19000;PINA_COLADAS;14866;37;14865;60;;;14869;97;;;;;14867.5;7167.0
2;19000;PEARLS;9996;1;9995;27;;;10004;1;10005;27;;;10000.0;324.0
2;19000;COCONUTS;7931;161;;;;;7934;161;;;;;7932.5;0.0
2;19000;BANANAS;4818;1;4813;1;4812;27;4819;28;;;;;4818.5;15.193359375
2;19100;BANANAS;4812;30;;;;;4818;1;4819;29;;;4815.0;16.5283203125
2;19100;PEARLS;9996;1;9995;29;;;10004;1;10005;29;;;10000.0;324.0
2;19100;COCONUTS;7931;189;;;;;7933;54;7934;135;;;7932.0;0.0
2;19100;PINA_COLADAS;14867;20;14866;66;;;14870;86;;;;;14868.5;7369.5
2;19200;PEARLS;9996;1;9995;23;;;10002;5;10004;1;10005;23;9999.0;351.0
2;19200;COCONUTS;7930;186;;;;;7933;186;;;;;7931.5;0.0
2;19200;BANANAS;4812;24;;;;;4817;5;4819;24;;;4814.5;16.833984375
2;19200;PINA_COLADAS;14865;85;;;;;14868;85;;;;;14866.5;7091.0
2;19300;BANANAS;4814;4;4813;24;;;4819;24;;;;;4816.5;17.955078125
2;19300;PEARLS;9998;4;9996;2;9995;22;10004;2;10005;22;;;10001.0;351.0
2;19300;COCONUTS;7932;80;7931;116;;;7934;196;;;;;7933.0;0.0
2;19300;PINA_COLADAS;14868;79;;;;;14871;79;;;;;14869.5;7591.25
2;19400;PINA_COLADAS;14866;35;14865;72;;;14868;35;14869;72;;;14867.0;7134.5
2;19400;PEARLS;9995;24;;;;;10005;24;;;;;10000.0;351.0
2;19400;COCONUTS;7930;208;;;;;7933;208;;;;;7931.5;0.0
2;19400;BANANAS;4812;24;;;;;4813;1;4819;24;;;4812.5;17.44140625
2;19500;BANANAS;4813;9;4812;23;;;4819;24;;;;;4816.0;20.04296875
2;19500;PEARLS;9998;8;9996;1;9995;23;10004;1;10005;23;;;10001.0;355.0
2;19500;COCONUTS;7931;188;;;;;7934;188;;;;;7932.5;0.0
2;19500;PINA_COLADAS;14866;85;;;;;14869;85;;;;;14867.5;7236.0
2;19600;PEARLS;9996;2;9995;26;;;10004;2;10005;26;;;10000.0;355.0
2;19600;COCONUTS;7930;185;;;;;7933;185;;;;;7931.5;0.0
2;19600;BANANAS;4813;2;4812;26;;;4819;28;;;;;4816.0;20.6162109375
2;19600;PINA_COLADAS;14863;87;;;;;14866;87;;;;;14864.5;6620.0
2;19700;BANANAS;4813;1;4812;25;;;4819;27;;;;;4816.0;20.33984375
2;19700;PEARLS;9996;2;9995;25;;;10004;2;10005;25;;;10000.0;355.0
2;19700;COCONUTS;7930;207;;;;;7932;57;7933;150;;;7931.0;0.0
2;19700;PINA_COLADAS;14863;84;;;;;14866;84;;;;;14864.5;6713.75
2;19800;PINA_COLADAS;14861;96;;;;;14864;96;;;;;14862.5;6238.5
2;19800;PEARLS;9998;6;9995;29;;;10005;29;;;;;10001.5;361.0
2;19800;COCONUTS;7929;154;;;;;7932;154;;;;;7930.5;0.0
2;19800;BANANAS;4813;6;4812;29;;;4819;29;;;;;4816.0;20.150390625
2;19900;BANANAS;4812;28;;;;;4818;28;;;;;4815.0;18.212890625
2;19900;PEARLS;9996;2;9995;26;;;10004;2;10005;26;;;10000.0;361.0
2;19900;COCONUTS;7930;80;7929;140;;;7932;220;;;;;7931.0;0.0
2;19900;PINA_COLADAS;14863;27;14862;62;;;14865;27;14866;62;;;14864.0;6557.25
2;20000;COCONUTS;7929;171;;;;;7932;171;;;;;7930.5;0.0
2;20000;PEARLS;9996;2;9995;21;;;10004;2;10005;21;;;10000.0;361.0
2;20000;BANANAS;4817;1;4812;23;;;4818;2;4819;21;;;4817.5;18.837890625
2;20000;PINA_COLADAS;14860;84;;;;;14863;84;;;;;14861.5;6118.0
2;20100;PEARLS;9996;2;9995;30;;;10004;2;10005;30;;;10000.0;361.0
2;20100;BANANAS;4812;2;4811;30;;;4818;32;;;;;4815.0;19.5576171875
2;20100;COCONUTS;7931;16;7929;167;;;7932;167;;;;;7931.5;0.0
2;20100;PINA_COLADAS;14860;101;;;;;14861;40;14863;101;;;14860.5;6158.0
2;20200;PINA_COLADAS;14862;37;14861;70;;;14865;107;;;;;14863.5;6508.0
2;20200;COCONUTS;7930;174;;;;;7933;174;;;;;7931.5;0.0
2;20200;PEARLS;9995;26;;;;;10005;26;;;;;10000.0;388.0
2;20200;BANANAS;4811;26;;;;;4818;26;;;;;4814.5;19.7275390625
2;20300;PEARLS;9996;1;9995;26;;;9998;1;10004;1;10005;26;9997.0;388.0
2;20300;BANANAS;4812;27;;;;;4813;1;4819;27;;;4812.5;21.115234375
2;20300;COCONUTS;7930;157;;;;;7933;157;;;;;7931.5;0.0
2;20300;PINA_COLADAS;14863;71;;;;;14866;71;;;;;14864.5;6746.0
2;20400;COCONUTS;7930;209;;;;;7933;209;;;;;7931.5;0.0
2;20400;PEARLS;9995;27;;;;;9998;4;10005;27;;;9996.5;396.0
2;20400;BANANAS;4813;27;;;;;4819;27;;;;;4816.0;24.83203125
2;20400;PINA_COLADAS;14863;106;;;;;14866;106;;;;;14864.5;6832.5
2;20500;PEARLS;9995;28;;;;;10005;28;;;;;10000.0;404.0
2;20500;BANANAS;4813;28;;;;;4820;28;;;;;4816.5;25.396484375
2;20500;COCONUTS;7930;163;;;;;7932;43;7933;120;;;7931.0;0.0
2;20500;PINA_COLADAS;14863;37;14862;68;;;14865;37;14866;68;;;14864.0;6693.75
2;20600;PINA_COLADAS;14863;90;;;;;14866;90;;;;;14864.5;6772.5
2;20600;COCONUTS;7930;167;;;;;7932;41;7933;126;;;7931.0;0.0
2;20600;PEARLS;9996;1;9995;25;;;9998;1;10004;1;10005;25;9997.0;404.0
2;20600;BANANAS;4813;26;;;;;4820;26;;;;;4816.5;26.2734375
2;20700;BANANAS;4813;21;;;;;4818;4;4820;21;;;4815.5;26.62890625
2;20700;PEARLS;9996;1;9995;20;;;9998;1;10002;4;10004;1;9997.0;412.0
2;20700;COCONUTS;7930;152;;;;;7933;152;;;;;7931.5;0.0
2;20700;PINA_COLADAS;14861;95;;;;;14864;95;;;;;14862.5;6292.75
2;20800;COCONUTS;7930;167;;;;;7933;167;;;;;7931.5;0.0
2;20800;BANANAS;4813;24;;;;;4820;24;;;;;4816.5;26.265625
2;20800;PEARLS;9996;1;9995;23;;;10004;1;10005;23;;;10000.0;412.0
2;20800;PINA_COLADAS;14861;81;;;;;14864;81;;;;;14862.5;6266.0
2;20900;BANANAS;4814;1;4813;20;;;4820;21;;;;;4817.0;27.3984375
2;20900;PEARLS;9996;1;9995;20;;;9998;1;10004;1;10005;20;9997.0;412.0
2;20900;COCONUTS;7930;192;;;;;7933;192;;;;;7931.5;0.0
2;20900;PINA_COLADAS;14861;92;;;;;14864;92;;;;;14862.5;6231.25
2;21000;PINA_COLADAS;14862;96;;;;;14865;96;;;;;14863.5;6583.25
2;21000;COCONUTS;7931;167;;;;;7934;167;;;;;7932.5;0.0
2;21000;BANANAS;4814;23;;;;;4815;4;4820;2;4821;21;4814.5;28.509765625
2;21000;PEARLS;9996;2;9995;21;;;10004;2;10005;21;;;10000.0;412.0
2;21100;BANANAS;4814;27;;;;;4820;27;;;;;4817.0;36.75
2;21100;PEARLS;10002;2;9996;1;9995;26;10004;1;10005;26;;;10003.0;412.0
2;21100;COCONUTS;7930;210;;;;;7933;210;;;;;7931.5;0.0
2;21100;PINA_COLADAS;14863;101;;;;;14866;101;;;;;14864.5;6814.75
2;21200;BANANAS;4814;26;;;;;4818;5;4820;26;;;4816.0;36.1875
2;21200;PEARLS;9996;1;9995;25;;;10002;5;10004;1;10005;25;9999.0;416.0
2;21200;COCONUTS;7929;200;;;;;7932;200;;;;;7930.5;0.0
2;21200;PINA_COLADAS;14861;91;;;;;14864;91;;;;;14862.5;6333.5
2;21300;BANANAS;4819;1;4814;30;;;4821;30;;;;;4820.0;38.9921875
2;21300;PEARLS;9995;30;;;;;10005;30;;;;;10000.0;416.0
2;21300;COCONUTS;7931;65;7930;130;;;7933;195;;;;;7932.0;0.0
2;21300;PINA_COLADAS;14862;90;;;;;14865;90;;;;;14863.5;6505.0
2;21400;PINA_COLADAS;14861;23;14860;71;;;14864;94;;;;;14862.5;6161.25
2;21400;BANANAS;4814;26;;;;;4819;7;4821;26;;;4816.5;41.37109375
2;21400;PEARLS;9996;2;9995;24;;;10002;4;10004;2;10005;24;9999.0;416.0
2;21400;COCONUTS;7930;186;;;;;7932;72;7933;114;;;7931.0;0.0
2;21500;BANANAS;4815;29;;;;;4821;29;;;;;4818.0;43.69140625
2;21500;PEARLS;9995;29;;;;;9998;1;10005;29;;;9996.5;416.0
2;21500;COCONUTS;7929;174;;;;;7932;174;;;;;7930.5;0.0
2;21500;PINA_COLADAS;14860;97;;;;;14863;97;;;;;14861.5;5956.25
2;21600;BANANAS;4815;28;;;;;4816;4;4821;28;;;4815.5;43.48046875
2;21600;PEARLS;9996;1;9995;27;;;10004;1;10005;27;;;10000.0;418.0
2;21600;COCONUTS;7929;216;;;;;7932;216;;;;;7930.5;0.0
2;21600;PINA_COLADAS;14861;81;;;;;14864;81;;;;;14862.5;6294.25
2;21700;BANANAS;4821;1;4815;27;;;4822;27;;;;;4821.5;48.78125
2;21700;PEARLS;9995;27;;;;;10005;27;;;;;10000.0;418.0
2;21700;COCONUTS;7930;196;;;;;7933;196;;;;;7931.5;0.0
2;21700;PINA_COLADAS;14864;98;;;;;14867;98;;;;;14865.5;7093.5
2;21800;PINA_COLADAS;14867;37;14866;74;;;14869;37;14870;74;;;14868.0;7748.75
2;21800;BANANAS;4816;2;4815;23;;;4822;25;;;;;4819.0;50.46875
2;21800;PEARLS;9996;2;9995;23;;;10004;2;10005;23;;;10000.0;418.0
2;21800;COCONUTS;7932;179;;;;;7934;179;;;;;7933.0;0.0
2;21900;BANANAS;4816;30;;;;;4822;1;4823;29;;;4819.0;52.6953125
2;21900;PEARLS;9996;1;9995;29;;;10004;1;10005;29;;;10000.0;418.0
2;21900;COCONUTS;7933;76;7932;144;;;7935;220;;;;;7934.0;0.0
2;21900;PINA_COLADAS;14869;101;;;;;14872;101;;;;;14870.5;8459.0
2;22000;BANANAS;4816;29;;;;;4822;29;;;;;4819.0;51.93359375
2;22000;PEARLS;9996;2;9995;27;;;10004;2;10005;27;;;10000.0;418.0
2;22000;COCONUTS;7933;65;7932;108;;;7935;173;;;;;7934.0;0.0
2;22000;PINA_COLADAS;14870;33;14869;59;;;14873;92;;;;;14871.5;8565.0
2;22100;BANANAS;4816;30;;;;;4822;1;4823;29;;;4819.0;53.5703125
2;22100;PEARLS;9996;1;9995;29;;;10004;1;10005;29;;;10000.0;418.0
2;22100;COCONUTS;7932;79;7931;142;;;7934;221;;;;;7933.0;0.0
2;22100;PINA_COLADAS;14868;98;;;;;14871;98;;;;;14869.5;8115.0
2;22200;PEARLS;9996;1;9995;28;;;10004;1;10005;28;;;10000.0;418.0
2;22200;BANANAS;4816;29;;;;;4822;1;4823;28;;;4819.0;52.66796875
2;22200;COCONUTS;7931;191;;;;;7932;46;7933;48;7934;143;7931.5;0.0
2;22200;PINA_COLADAS;14866;87;;;;;14869;87;;;;;14867.5;7604.25
2;22300;PEARLS;9995;28;;;;;10005;28;;;;;10000.0;418.0
2;22300;BANANAS;4816;28;;;;;4823;28;;;;;4819.5;54.822265625
2;22300;COCONUTS;7931;213;;;;;7934;213;;;;;7932.5;0.0
2;22300;PINA_COLADAS;14868;93;;;;;14871;93;;;;;14869.5;8161.75
2;22400;PEARLS;9995;26;;;;;10005;26;;;;;10000.0;418.0
2;22400;BANANAS;4816;26;;;;;4823;26;;;;;4819.5;54.462890625
2;22400;COCONUTS;7933;217;;;;;7936;217;;;;;7934.5;0.0
2;22400;PINA_COLADAS;14873;87;;;;;14876;28;14877;59;;;14874.5;9552.75
2;22500;PINA_COLADAS;14873;21;14872;54;;;14875;21;14876;54;;;14874.0;9330.0
2;22500;PEARLS;9995;27;;;;;10005;27;;;;;10000.0;418.0
2;22500;BANANAS;4815;27;;;;;4822;27;;;;;4818.5;49.86328125
2;22500;COCONUTS;7932;206;;;;;7935;206;;;;;7933.5;0.0
2;22600;PEARLS;9995;28;;;;;10005;28;;;;;10000.0;418.0
2;22600;BANANAS;4815;28;;;;;4818;5;4822;28;;;4816.5;50.46484375
2;22600;COCONUTS;7932;147;;;;;7935;147;;;;;7933.5;0.0
2;22600;PINA_COLADAS;14874;32;14873;87;;;14876;87;;;;;14875.0;9389.75
2;22700;PEARLS;9995;30;;;;;10005;30;;;;;10000.0;418.0
2;22700;BANANAS;4815;30;;;;;4822;30;;;;;4818.5;50.564453125
2;22700;COCONUTS;7933;221;;;;;7936;221;;;;;7934.5;0.0
2;22700;PINA_COLADAS;14875;20;14874;51;;;14878;71;;;;;14876.5;9827.5
2;22800;PEARLS;9996;2;9995;25;;;10004;2;10005;25;;;10000.0;418.0
2;22800;BANANAS;4816;2;4815;25;;;4822;27;;;;;4819.0;50.76953125
2;22800;COCONUTS;7932;68;7931;112;;;7934;180;;;;;7933.0;0.0
2;22800;PINA_COLADAS;14874;100;;;;;14877;100;;;;;14875.5;9646.25
2;22900;PINA_COLADAS;14876;96;;;;;14879;96;;;;;14877.5;10177.5
2;22900;BANANAS;4816;2;4815;26;;;4818;1;4822;28;;;4817.0;51.181640625
2;22900;PEARLS;9996;2;9995;26;;;10004;2;10005;26;;;10000.0;421.0
2;22900;COCONUTS;7932;184;;;;;7934;184;;;;;7933.0;0.0
2;23000;BANANAS;4816;1;4815;22;;;4822;23;;;;;4819.0;52.1484375
2;23000;PEARLS;9996;1;9995;22;;;10004;1;10005;22;;;10000.0;421.0
2;23000;COCONUTS;7933;78;7932;114;;;7935;192;;;;;7934.0;0.0
2;23000;PINA_COLADAS;14879;31;14878;91;;;14881;91;;;;;14880.0;10559.75
2;23100;PEARLS;9995;29;;;;;10005;29;;;;;10000.0;421.0
2;23100;COCONUTS;7932;166;;;;;7935;166;;;;;7933.5;0.0
2;23100;PINA_COLADAS;14876;111;;;;;14879;40;14880;71;;;14877.5;10266.0
2;23100;BANANAS;4815;29;;;;;4822;29;;;;;4818.5;49.546875
2;23200;PEARLS;9996;2;9995;27;;;10004;2;10005;27;;;10000.0;421.0
2;23200;COCONUTS;7932;41;7931;107;;;7934;148;;;;;7933.0;0.0
2;23200;PINA_COLADAS;14876;75;;;;;14879;75;;;;;14877.5;10136.5
2;23200;BANANAS;4815;29;;;;;4822;29;;;;;4818.5;49.150390625
2;23300;PINA_COLADAS;14875;86;;;;;14878;86;;;;;14876.5;9939.25
2;23300;BANANAS;4815;28;;;;;4816;1;4822;28;;;4815.5;49.61328125
2;23300;PEARLS;9996;2;9995;26;;;10004;2;10005;26;;;10000.0;421.0
2;23300;COCONUTS;7932;230;;;;;7935;230;;;;;7933.5;0.0
2;23400;BANANAS;4815;30;;;;;4816;11;4821;2;4822;28;4815.5;50.66796875
2;23400;PEARLS;9996;2;9995;28;;;10004;2;10005;28;;;10000.0;421.0
2;23400;COCONUTS;7931;175;;;;;7934;175;;;;;7932.5;0.0
2;23400;PINA_COLADAS;14873;110;;;;;14876;110;;;;;14874.5;9534.75
2;23500;PEARLS;9998;9;9996;1;9995;28;10004;1;10005;28;;;10001.0;421.0
2;23500;COCONUTS;7932;203;;;;;7935;203;;;;;7933.5;0.0
2;23500;PINA_COLADAS;14871;110;;;;;14874;110;;;;;14872.5;9236.75
2;23500;BANANAS;4816;10;4815;28;;;4822;29;;;;;4819.0;83.8515625
2;23600;PEARLS;9996;1;9995;21;;;10002;1;10004;1;10005;21;9999.0;421.0
2;23600;COCONUTS;7932;187;;;;;7935;187;;;;;7933.5;0.0
2;23600;PINA_COLADAS;14874;37;14873;58;;;14876;37;14877;58;;;14875.0;9669.75
2;23600;BANANAS;4816;22;;;;;4820;4;4822;22;;;4818.0;89.09375
2;23700;PINA_COLADAS;14870;107;;;;;14873;107;;;;;14871.5;8986.75
2;23700;BANANAS;4816;32;;;;;4822;32;;;;;4819.0;88.28125
2;23700;PEARLS;9996;2;9995;30;;;10004;2;10005;30;;;10000.0;421.0
2;23700;COCONUTS;7932;189;;;;;7935;189;;;;;7933.5;0.0
2;23800;BANANAS;4816;28;;;;;4822;1;4823;27;;;4819.0;92.78125
2;23800;PEARLS;10002;1;9996;1;9995;27;10004;1;10005;27;;;10003.0;421.0
2;23800;COCONUTS;7934;184;;;;;7937;184;;;;;7935.5;0.0
2;23800;PINA_COLADAS;14874;91;;;;;14877;91;;;;;14875.5;9830.75
2;23900;PEARLS;9996;2;9995;29;;;10004;2;10005;29;;;10000.0;423.0
2;23900;COCONUTS;7934;68;7933;127;;;7936;195;;;;;7935.0;0.0
2;23900;PINA_COLADAS;14871;103;;;;;14874;103;;;;;14872.5;9232.75
2;23900;BANANAS;4816;2;4815;29;;;4822;31;;;;;4819.0;86.640625
2;24000;PEARLS;10000;2;9996;1;9995;23;10004;1;10005;23;;;10002.0;426.0
2;24000;COCONUTS;7933;161;;;;;7935;59;7936;102;;;7934.0;0.0
2;24000;PINA_COLADAS;14869;37;14868;59;;;14871;37;14872;59;;;14870.0;8653.5
2;24000;BANANAS;4818;6;4816;1;4815;23;4822;24;;;;;4820.0;85.3359375
2;24100;PINA_COLADAS;14870;94;;;;;14873;94;;;;;14871.5;9006.0
2;24100;BANANAS;4815;23;;;;;4822;23;;;;;4818.5;81.265625
2;24100;PEARLS;9995;23;;;;;10005;23;;;;;10000.0;426.0
2;24100;COCONUTS;7933;185;;;;;7936;185;;;;;7934.5;0.0
2;24200;BANANAS;4816;9;4815;32;;;4822;32;;;;;4819.0;82.6171875
2;24200;PEARLS;9998;9;9996;2;9995;30;10004;2;10005;30;;;10001.0;426.0
2;24200;COCONUTS;7933;199;;;;;7934;44;7936;199;;;7933.5;0.0
2;24200;PINA_COLADAS;14869;84;;;;;14872;32;14873;52;;;14870.5;8840.5
2;24300;PEARLS;9996;2;9995;30;;;10004;2;10005;30;;;10000.0;426.0
2;24300;COCONUTS;7934;185;;;;;7937;185;;;;;7935.5;0.0
2;24300;PINA_COLADAS;14869;26;14868;63;;;14871;26;14872;63;;;14870.0;8547.75
2;24300;BANANAS;4815;32;;;;;4822;32;;;;;4818.5;81.2890625
2;24400;COCONUTS;7935;41;7934;119;;;7937;160;;;;;7936.0;0.0
2;24400;PINA_COLADAS;14875;105;;;;;14878;105;;;;;14876.5;10423.0
2;24400;PEARLS;9998;6;9996;2;9995;20;10004;2;10005;20;;;10001.0;426.0
2;24400;BANANAS;4817;7;4816;22;;;4822;2;4823;20;;;4819.5;92.8203125
2;24500;PINA_COLADAS;14870;34;14869;60;;;14873;94;;;;;14871.5;8892.5
2;24500;PEARLS;9995;24;;;;;10002;5;10005;24;;;9998.5;426.0
2;24500;BANANAS;4815;24;;;;;4820;5;4822;24;;;4817.5;84.1484375
2;24500;COCONUTS;7933;181;;;;;7936;181;;;;;7934.5;0.0
2;24600;PEARLS;9996;2;9995;23;;;10002;4;10004;2;10005;23;9999.0;426.0
2;24600;BANANAS;4816;25;;;;;4817;3;4821;4;4823;25;4816.5;95.8125
2;24600;COCONUTS;7933;202;;;;;7936;202;;;;;7934.5;0.0
2;24600;PINA_COLADAS;14871;37;14870;69;;;14873;37;14874;69;;;14872.0;9107.0
2;24700;COCONUTS;7933;187;;;;;7935;59;7936;128;;;7934.0;0.0
2;24700;PINA_COLADAS;14871;27;14870;56;;;14873;27;14874;56;;;14872.0;9138.0
2;24700;PEARLS;9998;10;9995;22;;;10005;22;;;;;10001.5;426.0
2;24700;BANANAS;4820;1;4817;10;4816;22;4822;22;;;;;4821.0;92.9296875
2;24800;COCONUTS;7933;171;;;;;7936;171;;;;;7934.5;0.0
2;24800;PINA_COLADAS;14871;84;;;;;14874;84;;;;;14872.5;9235.5
2;24800;PEARLS;9996;1;9995;20;;;10004;1;10005;20;;;10000.0;426.0
2;24800;BANANAS;4815;21;;;;;4817;2;4822;21;;;4816.0;86.015625
2;24900;PINA_COLADAS;14870;94;;;;;14873;94;;;;;14871.5;9068.5
2;24900;PEARLS;9996;2;9995;28;;;10004;2;10005;28;;;10000.0;426.0
2;24900;BANANAS;4815;30;;;;;4822;30;;;;;4818.5;83.09375
2;24900;COCONUTS;7934;43;7933;149;;;7936;192;;;;;7935.0;0.0
2;25000;PEARLS;9998;2;9996;2;9995;25;10004;2;10005;25;;;10001.0;426.0
2;25000;BANANAS;4816;4;4815;25;;;4822;27;;;;;4819.0;89.671875
2;25000;COCONUTS;7935;55;7934;149;;;7937;204;;;;;7936.0;0.0
2;25000;PINA_COLADAS;14873;74;;;;;14876;74;;;;;14874.5;9852.5
2;25100;COCONUTS;7934;45;7933;121;;;7936;166;;;;;7935.0;0.0
2;25100;PINA_COLADAS;14871;87;;;;;14872;36;14874;87;;;14871.5;9309.5
2;25100;PEARLS;9996;1;9995;30;;;10004;1;10005;30;;;10000.0;426.0
2;25100;BANANAS;4815;31;;;;;4822;31;;;;;4818.5;87.3671875
2;25200;COCONUTS;7934;179;;;;;7937;179;;;;;7935.5;0.0
2;25200;PINA_COLADAS;14871;39;14870;59;;;14873;39;14874;59;;;14872.0;9126.5
2;25200;BANANAS;4819;5;4815;26;;;4821;26;;;;;4820.0;76.703125
2;25200;PEARLS;9996;2;9995;24;;;10002;5;10004;2;10005;24;9999.0;426.0
2;25300;PINA_COLADAS;14871;95;;;;;14874;95;;;;;14872.5;9366.0
2;25300;BANANAS;4814;28;;;;;4820;28;;;;;4817.0;67.109375
2;25300;PEARLS;9995;28;;;;;9998;1;10005;28;;;9996.5;426.0
2;25300;COCONUTS;7934;64;7933;149;;;7936;213;;;;;7935.0;0.0
2;25400;BANANAS;4814;30;;;;;4821;30;;;;;4817.5;73.640625
2;25400;PEARLS;9996;2;9995;28;;;10004;2;10005;28;;;10000.0;428.0
2;25400;COCONUTS;7933;214;;;;;7936;214;;;;;7934.5;0.0
2;25400;PINA_COLADAS;14870;28;14869;57;;;14872;28;14873;57;;;14871.0;8809.5
2;25500;COCONUTS;7935;62;7934;101;;;7937;163;;;;;7936.0;0.0
2;25500;PINA_COLADAS;14874;87;;;;;14877;87;;;;;14875.5;10254.5
2;25500;BANANAS;4815;4;4814;23;;;4820;1;4821;22;;;4817.5;70.65625
2;25500;PEARLS;9998;1;9996;1;9995;22;10004;1;10005;22;;;10001.0;428.0
2;25600;PINA_COLADAS;14872;33;14871;65;;;14874;33;14875;65;;;14873.0;9409.0
2;25600;BANANAS;4815;25;;;;;4819;1;4821;25;;;4817.0;82.0390625
2;25600;PEARLS;9996;1;9995;24;;;10002;1;10004;1;10005;24;9999.0;428.0
2;25600;COCONUTS;7935;74;7934;127;;;7937;201;;;;;7936.0;0.0
2;25700;PINA_COLADAS;14872;79;;;;;14875;79;;;;;14873.5;9631.0
2;25700;BANANAS;4815;1;4814;21;;;4821;22;;;;;4818.0;79.140625
2;25700;PEARLS;9996;1;9995;21;;;10004;1;10005;21;;;10000.0;428.0
2;25700;COCONUTS;7935;177;;;;;7937;43;7938;134;;;7936.0;0.0
2;25800;BANANAS;4816;1;4815;20;;;4821;20;;;;;4818.5;81.515625
2;25800;PEARLS;9998;1;9995;20;;;10005;20;;;;;10001.5;428.0
2;25800;COCONUTS;7936;61;7935;138;;;7938;199;;;;;7937.0;0.0
2;25800;PINA_COLADAS;14872;97;;;;;14875;28;14876;69;;;14873.5;9689.0
2;25900;PINA_COLADAS;14874;87;;;;;14877;87;;;;;14875.5;10190.0
2;25900;BANANAS;4814;30;;;;;4821;30;;;;;4817.5;78.359375
2;25900;PEARLS;10002;2;9995;30;;;10005;30;;;;;10003.5;428.0
2;25900;COCONUTS;7936;196;;;;;7938;70;7939;126;;;7937.0;0.0
2;26000;PINA_COLADAS;14876;84;;;;;14879;84;;;;;14877.5;10721.0
2;26000;BANANAS;4815;22;;;;;4821;22;;;;;4818.0;81.46875
2;26000;PEARLS;9996;1;9995;21;;;9998;1;10004;1;10005;21;9997.0;452.0
2;26000;COCONUTS;7937;58;7936;149;;;7939;207;;;;;7938.0;0.0
2;26100;PINA_COLADAS;14875;100;;;;;14878;32;14879;68;;;14876.5;10593.0
2;26100;BANANAS;4814;28;;;;;4821;29;;;;;4817.5;71.7265625
2;26100;PEARLS;9996;1;9995;28;;;10004;1;10005;28;;;10000.0;454.0
2;26100;COCONUTS;7937;198;;;;;7940;198;;;;;7938.5;0.0
2;26200;BANANAS;4818;3;4815;2;4814;32;4821;32;;;;;4819.5;73.0546875
2;26200;PEARLS;9998;2;9996;2;9995;30;10004;2;10005;30;;;10001.0;454.0
2;26200;COCONUTS;7937;206;;;;;7940;206;;;;;7938.5;0.0
2;26200;PINA_COLADAS;14873;101;;;;;14874;24;14876;101;;;14873.5;9938.5
2;26300;PINA_COLADAS;14873;94;;;;;14876;94;;;;;14874.5;9882.0
2;26300;BANANAS;4815;23;;;;;4819;8;4821;23;;;4817.0;79.4296875
2;26300;PEARLS;9996;1;9995;22;;;10002;8;10004;1;10005;22;9999.0;454.0
2;26300;COCONUTS;7937;173;;;;;7940;173;;;;;7938.5;0.0
2;26400;PINA_COLADAS;14869;101;;;;;14872;101;;;;;14870.5;8697.5
2;26400;BANANAS;4815;24;;;;;4821;24;;;;;4818.0;82.4375
2;26400;PEARLS;9996;1;9995;23;;;10004;1;10005;23;;;10000.0;454.0
2;26400;COCONUTS;7935;177;;;;;7936;49;7938;177;;;7935.5;0.0
2;26500;PINA_COLADAS;14869;39;14868;73;;;14871;39;14872;73;;;14870.0;8529.5
2;26500;BANANAS;4815;29;;;;;4820;3;4821;2;4822;27;4817.5;84.0234375
2;26500;PEARLS;9996;2;9995;27;;;10002;3;10004;2;10005;27;9999.0;454.0
2;26500;COCONUTS;7935;190;;;;;7938;190;;;;;7936.5;0.0
2;26600;PEARLS;9996;1;9995;27;;;10004;1;10005;27;;;10000.0;454.0
2;26600;BANANAS;4815;28;;;;;4821;1;4822;27;;;4818.0;84.6015625
2;26600;COCONUTS;7935;181;;;;;7938;181;;;;;7936.5;0.0
2;26600;PINA_COLADAS;14870;103;;;;;14873;36;14874;67;;;14871.5;9102.5
2;26700;PEARLS;9995;24;;;;;10005;24;;;;;10000.0;454.0
2;26700;BANANAS;4815;24;;;;;4822;24;;;;;4818.5;85.6796875
2;26700;COCONUTS;7934;208;;;;;7937;208;;;;;7935.5;0.0
2;26700;PINA_COLADAS;14870;31;14869;75;;;14871;24;14872;31;14873;75;14870.5;8857.5
2;26800;PINA_COLADAS;14869;28;14868;74;;;14871;28;14872;74;;;14870.0;8562.0
2;26800;PEARLS;9996;2;9995;24;;;10004;2;10005;24;;;10000.0;454.0
2;26800;BANANAS;4820;1;4815;26;;;4821;2;4822;24;;;4820.5;83.1640625
2;26800;COCONUTS;7933;217;;;;;7936;217;;;;;7934.5;0.0
2;26900;PEARLS;9995;30;;;;;9998;1;10005;30;;;9996.5;454.0
2;26900;BANANAS;4815;30;;;;;4822;30;;;;;4818.5;90.6796875
2;26900;COCONUTS;7934;50;7933;131;;;7936;181;;;;;7935.0;0.0
2;26900;PINA_COLADAS;14868;36;14867;60;;;14871;96;;;;;14869.5;8281.0
2;27000;PEARLS;9996;1;9995;26;;;10004;1;10005;26;;;10000.0;456.0
2;27000;BANANAS;4815;27;;;;;4821;1;4822;26;;;4818.0;85.4375
2;27000;COCONUTS;7934;205;;;;;7936;205;;;;;7935.0;0.0
2;27000;PINA_COLADAS;14868;107;;;;;14871;39;14872;68;;;14869.5;8496.5
2;27100;PEARLS;9996;1;9995;21;;;10004;1;10005;21;;;10000.0;456.0
2;27100;BANANAS;4815;22;;;;;4821;1;4822;21;;;4818.0;86.9609375
2;27100;COCONUTS;7935;204;;;;;7937;77;7938;127;;;7936.0;0.0
2;27100;PINA_COLADAS;14870;27;14869;57;;;14872;27;14873;57;;;14871.0;8863.5
2;27200;PINA_COLADAS;14869;20;14868;74;;;14871;20;14872;74;;;14870.0;8507.0
2;27200;PEARLS;9996;2;9995;22;;;10002;5;10004;2;10005;22;9999.0;456.0
2;27200;BANANAS;4815;2;4814;22;;;4819;5;4821;24;;;4817.0;79.34375
2;27200;COCONUTS;7935;174;;;;;7938;174;;;;;7936.5;0.0
2;27300;PEARLS;9995;26;;;;;10005;26;;;;;10000.0;456.0
2;27300;BANANAS;4814;26;;;;;4821;26;;;;;4817.5;71.625
2;27300;COCONUTS;7934;179;;;;;7935;65;7937;179;;;7934.5;0.0
2;27300;PINA_COLADAS;14867;78;;;;;14870;78;;;;;14868.5;8067.0
2;27400;PEARLS;9995;27;;;;;10005;27;;;;;10000.0;460.0
2;27400;COCONUTS;7935;70;7934;216;;;7937;216;;;;;7936.0;0.0
2;27400;BANANAS;4814;27;;;;;4820;27;;;;;4817.0;69.84375
2;27400;PINA_COLADAS;14870;31;14869;65;;;14872;31;14873;65;;;14871.0;8843.5
2;27500;BANANAS;4813;26;;;;;4820;26;;;;;4816.5;66.34375
2;27500;PEARLS;9995;26;;;;;10005;26;;;;;10000.0;460.0
2;27500;COCONUTS;7933;176;;;;;7936;176;;;;;7934.5;0.0
2;27500;PINA_COLADAS;14870;103;;;;;14873;103;;;;;14871.5;8897.5
2;27600;PINA_COLADAS;14869;84;;;;;14872;84;;;;;14870.5;8732.5
2;27600;PEARLS;9995;25;;;;;10005;25;;;;;10000.0;460.0
2;27600;COCONUTS;7933;206;;;;;7936;206;;;;;7934.5;0.0
2;27600;BANANAS;4813;25;;;;;4820;25;;;;;4816.5;62.5078125
2;27700;BANANAS;4814;2;4813;22;;;4820;24;;;;;4817.0;65.25
2;27700;PEARLS;9996;2;9995;22;;;10004;2;10005;22;;;10000.0;460.0
2;27700;COCONUTS;7934;40;7933;123;;;7936;163;;;;;7935.0;0.0
2;27700;PINA_COLADAS;14869;89;;;;;14872;89;;;;;14870.5;8691.0
2;27800;PEARLS;10002;1;9995;22;;;10005;22;;;;;10003.5;460.0
2;27800;COCONUTS;7933;54;7932;162;;;7935;162;;;;;7934.0;0.0
2;27800;BANANAS;4813;22;;;;;4820;22;;;;;4816.5;64.9140625
2;27800;PINA_COLADAS;14868;96;;;;;14871;96;;;;;14869.5;8450.0
2;27900;BANANAS;4813;22;;;;;4820;22;;;;;4816.5;63.625
2;27900;PEARLS;9995;22;;;;;10005;22;;;;;10000.0;490.0
2;27900;COCONUTS;7933;183;;;;;7936;183;;;;;7934.5;0.0
2;27900;PINA_COLADAS;14872;33;14871;58;;;14875;91;;;;;14873.5;9483.5
2;28000;PINA_COLADAS;14871;97;;;;;14874;38;14875;59;;;14872.5;9394.0
2;28000;PEARLS;9998;8;9996;2;9995;26;10000;4;10004;2;10005;26;9999.0;490.0
2;28000;COCONUTS;7932;202;;;;;7935;202;;;;;7933.5;0.0
2;28000;BANANAS;4814;8;4813;28;;;4819;2;4820;26;;;4816.5;59.0703125
2;28100;BANANAS;4813;23;;;;;4819;23;;;;;4816.0;54.046875
2;28100;PEARLS;9996;1;9995;22;;;10004;1;10005;22;;;10000.0;490.0
2;28100;COCONUTS;7933;72;7932;143;;;7935;215;;;;;7934.0;0.0
2;28100;PINA_COLADAS;14870;37;14869;52;;;14873;89;;;;;14871.5;8892.5
2;28200;PEARLS;9996;1;9995;23;;;9998;1;10004;1;10005;23;9997.0;490.0
2;28200;COCONUTS;7932;208;;;;;7935;208;;;;;7933.5;0.0
2;28200;BANANAS;4812;24;;;;;4814;3;4819;24;;;4813.0;48.46875
2;28200;PINA_COLADAS;14869;34;14868;61;;;14872;95;;;;;14870.5;8580.5
2;28300;BANANAS;4812;24;;;;;4818;21;;;;;4815.0;42.6953125
2;28300;PEARLS;9998;3;9995;21;;;10005;21;;;;;10001.5;492.0
2;28300;COCONUTS;7932;173;;;;;7934;47;7935;126;;;7933.0;0.0
2;28300;PINA_COLADAS;14864;28;14863;72;;;14866;28;14867;72;;;14865.0;7022.0
2;28400;PINA_COLADAS;14864;105;;;;;14867;105;;;;;14865.5;7104.5
2;28400;PEARLS;10002;4;9996;1;9995;21;10004;1;10005;21;;;10003.0;492.0
2;28400;COCONUTS;7931;226;;;;;7934;226;;;;;7932.5;0.0
2;28400;BANANAS;4811;22;;;;;4818;22;;;;;4814.5;36.5234375
2;28500;BANANAS;4811;27;;;;;4818;27;;;;;4814.5;36.15625
2;28500;PEARLS;10002;7;9996;1;9995;26;10004;1;10005;26;;;10003.0;500.0
2;28500;COCONUTS;7931;160;;;;;7934;160;;;;;7932.5;0.0
2;28500;PINA_COLADAS;14863;23;14862;58;;;14865;23;14866;58;;;14864.0;6725.5
2;28600;PEARLS;9995;28;;;;;10002;7;10005;28;;;9998.5;514.0
2;28600;COCONUTS;7930;207;;;;;7931;64;7933;207;;;7930.5;0.0
2;28600;BANANAS;4811;28;;;;;4816;8;4818;28;;;4813.5;40.90625
2;28600;PINA_COLADAS;14862;20;14861;55;;;14865;75;;;;;14863.5;6471.5
2;28700;BANANAS;4811;28;;;;;4818;28;;;;;4814.5;34.703125
2;28700;PEARLS;9996;1;9995;27;;;10004;1;10005;27;;;10000.0;514.0
2;28700;COCONUTS;7931;207;;;;;7934;207;;;;;7932.5;0.0
2;28700;PINA_COLADAS;14864;29;14863;62;;;14866;29;14867;62;;;14865.0;7030.0
2;28800;PINA_COLADAS;14869;38;14868;69;;;14871;38;14872;69;;;14870.0;8507.0
2;28800;PEARLS;9995;30;;;;;10005;30;;;;;10000.0;514.0
2;28800;COCONUTS;7933;214;;;;;7936;214;;;;;7934.5;0.0
2;28800;BANANAS;4811;30;;;;;4817;30;;;;;4814.0;28.4765625
2;28900;PEARLS;9996;1;9995;23;;;10004;1;10005;23;;;10000.0;554.0
2;28900;BANANAS;4810;24;;;;;4817;24;;;;;4813.5;17.109375
2;28900;COCONUTS;7936;11;7935;173;;;7937;48;7938;125;;;7936.5;0.0
2;28900;PINA_COLADAS;14872;98;;;;;14875;40;14876;58;;;14873.5;9703.5
2;29000;COCONUTS;7935;193;;;;;7938;193;;;;;7936.5;0.0
2;29000;PEARLS;9995;25;;;;;10005;25;;;;;10000.0;554.0
2;29000;BANANAS;4810;25;;;;;4817;25;;;;;4813.5;25.09375
2;29000;PINA_COLADAS;14872;36;14871;58;;;14874;36;14875;58;;;14873.0;9432.5
2;29100;PEARLS;10002;1;9995;30;;;10005;30;;;;;10003.5;562.0
2;29100;BANANAS;4816;1;4810;30;;;4817;30;;;;;4816.5;21.8046875
2;29100;COCONUTS;7936;169;;;;;7939;169;;;;;7937.5;0.0
2;29100;PINA_COLADAS;14877;29;14876;82;;;14879;82;;;;;14878.0;10729.0
2;29200;PINA_COLADAS;14876;18;14875;50;;;14878;26;14879;50;;;14877.0;10620.5
2;29200;COCONUTS;7936;204;;;;;7939;204;;;;;7937.5;0.0
2;29200;PEARLS;9995;20;;;;;10002;1;10005;20;;;9998.5;564.0
2;29200;BANANAS;4813;1;4811;20;;;4815;1;4817;20;;;4814.0;25.1328125
2;29300;PEARLS;9998;3;9996;2;9995;21;10004;2;10005;21;;;10001.0;564.0
2;29300;BANANAS;4811;3;4810;23;;;4817;23;;;;;4814.0;19.265625
2;29300;COCONUTS;7936;150;;;;;7939;150;;;;;7937.5;0.0
2;29300;PINA_COLADAS;14876;94;;;;;14879;33;14880;61;;;14877.5;10883.0
2;29400;COCONUTS;7936;40;7935;118;;;7938;158;;;;;7937.0;0.0
2;29400;PEARLS;9996;1;9995;24;;;10002;8;10004;1;10005;24;9999.0;564.0
2;29400;BANANAS;4810;25;;;;;4815;7;4817;25;;;4812.5;20.4375
2;29400;PINA_COLADAS;14877;29;14876;63;;;14879;29;14880;63;;;14878.0;10959.5
2;29500;PEARLS;9995;23;;;;;10005;23;;;;;10000.0;564.0
2;29500;BANANAS;4810;23;;;;;4817;23;;;;;4813.5;15.5703125
2;29500;COCONUTS;7937;48;7936;132;;;7939;180;;;;;7938.0;0.0
2;29500;PINA_COLADAS;14879;30;14878;68;;;14881;30;14882;68;;;14880.0;11552.5
2;29600;PINA_COLADAS;14883;74;;;;;14886;74;;;;;14884.5;12808.0
2;29600;COCONUTS;7938;202;;;;;7940;73;7941;129;;;7939.0;0.0
2;29600;BANANAS;4810;27;;;;;4817;27;;;;;4813.5;16.9453125
2;29600;PEARLS;9995;27;;;;;10005;27;;;;;10000.0;564.0
2;29700;BANANAS;4815;1;4811;1;4810;31;4817;31;;;;;4816.0;17.203125
2;29700;PEARLS;9998;1;9996;2;9995;29;10004;2;10005;29;;;10001.0;564.0
2;29700;COCONUTS;7938;168;;;;;7940;48;7941;120;;;7939.0;0.0
2;29700;PINA_COLADAS;14883;82;;;;;14886;30;14887;52;;;14884.5;12989.0
2;29800;COCONUTS;7939;71;7938;119;;;7941;190;;;;;7940.0;0.0
2;29800;BANANAS;4811;24;;;;;4817;24;;;;;4814.0;27.5625
2;29800;PEARLS;9996;1;9995;23;;;10004;1;10005;23;;;10000.0;564.0
2;29800;PINA_COLADAS;14884;101;;;;;14887;101;;;;;14885.5;13279.5
2;29900;BANANAS;4812;8;4811;25;;;4817;25;;;;;4814.5;27.25
2;29900;PEARLS;10000;2;9998;8;9995;25;10005;25;;;;;10002.5;564.0
2;29900;COCONUTS;7938;206;;;;;7940;78;7941;128;;;7939.0;0.0
2;29900;PINA_COLADAS;14883;87;;;;;14886;87;;;;;14884.5;12905.0
2;30000;PINA_COLADAS;14883;29;14882;58;;;14885;29;14886;58;;;14884.0;12768.5
2;30000;COCONUTS;7937;178;;;;;7940;178;;;;;7938.5;0.0
2;30000;BANANAS;4810;26;;;;;4817;26;;;;;4813.5;17.9921875
2;30000;PEARLS;10000;2;9995;26;;;10005;26;;;;;10002.5;564.0
2;30100;BANANAS;4811;28;;;;;4815;10;4817;28;;;4813.0;26.625
2;30100;PEARLS;9995;28;;;;;10002;10;10005;28;;;9998.5;568.0
2;30100;COCONUTS;7937;27;7936;211;;;7939;211;;;;;7938.0;0.0
2;30100;PINA_COLADAS;14884;88;;;;;14887;88;;;;;14885.5;13253.0
2;30200;BANANAS;4812;3;4811;26;;;4817;26;;;;;4814.5;28.0
2;30200;PEARLS;9998;3;9996;2;9995;24;10004;2;10005;24;;;10001.0;568.0
2;30200;COCONUTS;7937;162;;;;;7939;46;7940;116;;;7938.0;0.0
2;30200;PINA_COLADAS;14886;40;14885;55;;;14889;95;;;;;14887.5;13672.0
2;30300;BANANAS;4816;1;4812;10;4811;23;4818;23;;;;;4817.0;32.40625
2;30300;PEARLS;10002;1;9998;10;9995;23;10005;23;;;;;10003.5;568.0
2;30300;COCONUTS;7938;200;;;;;7941;200;;;;;7939.5;0.0
2;30300;PINA_COLADAS;14889;24;14888;72;;;14891;24;14892;72;;;14890.0;14551.0
2;30400;PINA_COLADAS;14887;80;;;;;14890;23;14891;57;;;14888.5;14204.5
2;30400;BANANAS;4811;26;;;;;4817;26;;;;;4814.0;30.3125
2;30400;PEARLS;9996;2;9995;24;;;10004;2;10005;24;;;10000.0;570.0
2;30400;COCONUTS;7938;162;;;;;7941;162;;;;;7939.5;0.0
2;30500;BANANAS;4811;21;;;;;4818;21;;;;;4814.5;37.796875
2;30500;PEARLS;9996;1;9995;20;;;10004;1;10005;20;;;10000.0;570.0
2;30500;COCONUTS;7938;71;7937;221;;;7940;221;;;;;7939.0;0.0
2;30500;PINA_COLADAS;14883;101;;;;;14886;101;;;;;14884.5;13008.5
2;30600;BANANAS;4813;9;4812;25;;;4819;26;;;;;4816.0;55.4296875
2;30600;PEARLS;10000;3;9998;8;9996;1;10004;1;10005;25;;;10002.0;570.0
2;30600;COCONUTS;7938;48;7937;102;;;7940;150;;;;;7939.0;0.0
2;30600;PINA_COLADAS;14883;99;;;;;14886;99;;;;;14884.5;13011.75
2;30700;BANANAS;4812;24;;;;;4819;24;;;;;4815.5;54.53125
2;30700;PEARLS;9995;24;;;;;10005;24;;;;;10000.0;570.0
2;30700;COCONUTS;7938;214;;;;;7941;214;;;;;7939.5;0.0
2;30700;PINA_COLADAS;14885;79;;;;;14888;79;;;;;14886.5;13602.75
2;30800;PINA_COLADAS;14884;28;14883;94;;;14886;94;;;;;14885.0;12954.0
2;30800;BANANAS;4817;12;4812;31;;;4818;2;4819;29;;;4817.5;49.1171875
2;30800;PEARLS;10002;11;9996;2;9995;29;10004;2;10005;29;;;10003.0;570.0
2;30800;COCONUTS;7939;53;7938;105;;;7941;158;;;;;7940.0;0.0
2;30900;BANANAS;4818;1;4814;9;4813;25;4819;1;4820;24;;;4818.5;72.6005859375
2;30900;PEARLS;10002;1;9998;9;9996;1;10004;1;10005;24;;;10003.0;592.0
2;30900;COCONUTS;7940;186;;;;;7943;186;;;;;7941.5;0.0
2;30900;PINA_COLADAS;14888;83;;;;;14891;83;;;;;14889.5;14447.25
2;31000;BANANAS;4818;1;4813;31;;;4819;31;;;;;4818.5;73.9873046875
2;31000;PEARLS;9996;1;9995;30;;;10004;1;10005;30;;;10000.0;594.0
2;31000;COCONUTS;7940;196;;;;;7942;58;7943;138;;;7941.0;0.0
2;31000;PINA_COLADAS;14888;90;;;;;14891;90;;;;;14889.5;14427.75
2;31100;PINA_COLADAS;14889;86;;;;;14892;86;;;;;14890.5;14603.25
2;31100;PEARLS;9996;2;9995;26;;;10002;7;10004;2;10005;26;9999.0;594.0
2;31100;BANANAS;4812;28;;;;;4817;7;4818;2;4819;26;4814.5;75.27197265625
2;31100;COCONUTS;7940;173;;;;;7943;173;;;;;7941.5;0.0
2;31200;PEARLS;9995;26;;;;;10002;4;10005;26;;;9998.5;594.0
2;31200;BANANAS;4811;26;;;;;4814;4;4816;4;4818;26;4812.5;74.6494140625
2;31200;COCONUTS;7940;152;;;;;7942;46;7943;106;;;7941.0;0.0
2;31200;PINA_COLADAS;14888;84;;;;;14891;84;;;;;14889.5;14300.5
2;31300;PEARLS;9995;26;;;;;10005;26;;;;;10000.0;594.0
2;31300;BANANAS;4817;1;4811;26;;;4818;26;;;;;4817.5;77.53125
2;31300;COCONUTS;7938;189;;;;;7941;189;;;;;7939.5;0.0
2;31300;PINA_COLADAS;14884;25;14883;51;;;14886;25;14887;51;;;14885.0;13161.0
2;31400;PEARLS;9996;1;9995;23;;;10002;6;10004;1;10005;23;9999.0;594.0
2;31400;BANANAS;4812;24;;;;;4817;6;4818;1;4819;23;4814.5;81.658203125
2;31400;COCONUTS;7938;206;;;;;7941;206;;;;;7939.5;0.0
2;31400;PINA_COLADAS;14883;108;;;;;14886;108;;;;;14884.5;13047.75
2;31500;PINA_COLADAS;14885;104;;;;;14888;104;;;;;14886.5;13503.25
2;31500;PEARLS;9996;1;9995;26;;;10004;1;10005;26;;;10000.0;594.0
2;31500;BANANAS;4812;27;;;;;4818;1;4819;26;;;4815.0;81.84765625
2;31500;COCONUTS;7939;214;;;;;7942;214;;;;;7940.5;0.0
2;31600;PEARLS;9995;20;;;;;10005;20;;;;;10000.0;594.0
2;31600;BANANAS;4812;20;;;;;4819;20;;;;;4815.5;82.466796875
2;31600;COCONUTS;7938;210;;;;;7941;210;;;;;7939.5;0.0
2;31600;PINA_COLADAS;14882;93;;;;;14885;93;;;;;14883.5;12804.5
2;31700;PEARLS;9995;20;;;;;10005;20;;;;;10000.0;594.0
2;31700;BANANAS;4818;1;4812;20;;;4819;20;;;;;4818.5;83.529296875
2;31700;COCONUTS;7938;186;;;;;7941;186;;;;;7939.5;0.0
2;31700;PINA_COLADAS;14882;107;;;;;14885;107;;;;;14883.5;12645.5
2;31800;PEARLS;9996;1;9995;29;;;10004;1;10005;29;;;10000.0;594.0
2;31800;COCONUTS;7939;205;;;;;7942;205;;;;;7940.5;0.0
2;31800;PINA_COLADAS;14884;101;;;;;14887;101;;;;;14885.5;13235.25
2;31800;BANANAS;4813;30;;;;;4819;30;;;;;4816.0;86.78125
2;31900;PINA_COLADAS;14886;94;;;;;14889;94;;;;;14887.5;13760.25
2;31900;BANANAS;4813;27;;;;;4819;27;;;;;4816.0;86.83203125
2;31900;PEARLS;9995;27;;;;;10005;27;;;;;10000.0;594.0
2;31900;COCONUTS;7941;189;;;;;7944;189;;;;;7942.5;0.0
2;32000;BANANAS;4813;29;;;;;4819;2;4820;27;;;4816.0;87.9404296875
2;32000;PEARLS;9996;2;9995;27;;;10004;2;10005;27;;;10000.0;594.0
2;32000;COCONUTS;7941;65;7940;136;;;7943;201;;;;;7942.0;0.0
2;32000;PINA_COLADAS;14885;21;14884;79;;;14887;79;;;;;14886.0;13207.5
2;32100;PEARLS;9995;20;;;;;10005;20;;;;;10000.0;594.0
2;32100;COCONUTS;7939;40;7938;148;;;7941;188;;;;;7940.0;0.0
2;32100;PINA_COLADAS;14881;27;14880;59;;;14883;27;14884;59;;;14882.0;12293.75
2;32100;BANANAS;4813;20;;;;;4819;20;;;;;4816.0;87.248046875
2;32200;PEARLS;9996;2;9995;20;;;10000;4;10002;7;10004;2;9998.0;594.0
2;32200;COCONUTS;7938;162;;;;;7941;162;;;;;7939.5;0.0
2;32200;PINA_COLADAS;14883;37;14882;32;14881;55;14884;32;14885;55;;;14883.5;12601.0
2;32200;BANANAS;4813;22;;;;;4817;7;4819;22;;;4815.0;86.939453125
2;32300;PINA_COLADAS;14882;2;14881;70;;;14884;27;14885;70;;;14883.0;12527.5
2;32300;BANANAS;4814;5;4813;3;4812;29;4818;29;;;;;4816.0;83.919921875
2;32300;PEARLS;10002;1;9998;3;9996;2;10004;2;10005;27;;;10003.0;594.0
2;32300;COCONUTS;7938;218;;;;;7941;218;;;;;7939.5;0.0
2;32400;BANANAS;4812;29;;;;;4818;29;;;;;4815.0;84.2314453125
2;32400;PEARLS;9996;1;9995;28;;;10004;1;10005;28;;;10000.0;596.0
2;32400;COCONUTS;7937;166;;;;;7940;166;;;;;7938.5;0.0
2;32400;PINA_COLADAS;14881;101;;;;;14884;101;;;;;14882.5;12348.5
2;32500;PEARLS;9998;5;9996;2;9995;29;10004;2;10005;29;;;10001.0;596.0
2;32500;COCONUTS;7936;161;;;;;7939;161;;;;;7937.5;0.0
2;32500;PINA_COLADAS;14880;78;;;;;14883;78;;;;;14881.5;12162.5
2;32500;BANANAS;4813;5;4812;31;;;4818;2;4819;29;;;4815.5;84.712890625
2;32600;PEARLS;9995;23;;;;;10005;23;;;;;10000.0;596.0
2;32600;COCONUTS;7937;176;;;;;7939;59;7940;117;;;7938.0;0.0
2;32600;PINA_COLADAS;14882;82;;;;;14885;82;;;;;14883.5;12656.5
2;32600;BANANAS;4812;23;;;;;4818;23;;;;;4815.0;84.01953125
2;32700;PINA_COLADAS;14885;36;14884;68;;;14887;36;14888;68;;;14886.0;13464.5
2;32700;BANANAS;4817;12;4812;22;;;4819;22;;;;;4818.0;85.0634765625
2;32700;PEARLS;10002;3;9996;1;9995;21;10004;1;10005;21;;;10003.0;596.0
2;32700;COCONUTS;7938;180;;;;;7940;64;7941;116;;;7939.0;0.0
2;32800;BANANAS;4812;24;;;;;4819;24;;;;;4815.5;104.3125
2;32800;PEARLS;9995;24;;;;;10005;24;;;;;10000.0;602.0
2;32800;COCONUTS;7936;143;;;;;7939;143;;;;;7937.5;0.0
2;32800;PINA_COLADAS;14882;88;;;;;14885;88;;;;;14883.5;12706.5
2;32900;PEARLS;9995;28;;;;;10005;28;;;;;10000.0;602.0
2;32900;COCONUTS;7936;197;;;;;7938;54;7939;143;;;7937.0;0.0
2;32900;PINA_COLADAS;14883;23;14882;55;;;14885;23;14886;55;;;14884.0;12882.5
2;32900;BANANAS;4812;28;;;;;4813;1;4819;28;;;4812.5;103.4296875
2;33000;PEARLS;9995;22;;;;;10000;6;10005;22;;;9997.5;602.0
2;33000;COCONUTS;7936;175;;;;;7938;65;7939;110;;;7937.0;0.0
2;33000;PINA_COLADAS;14882;91;;;;;14885;91;;;;;14883.5;12680.5
2;33000;BANANAS;4812;22;;;;;4819;22;;;;;4815.5;108.05859375
2;33100;PINA_COLADAS;14883;31;14882;66;;;14885;31;14886;66;;;14884.0;12839.5
2;33100;BANANAS;4813;6;4812;21;;;4819;21;;;;;4816.0;103.9375
2;33100;PEARLS;9998;7;9995;21;;;10005;21;;;;;10001.5;602.0
2;33100;COCONUTS;7936;52;7935;119;;;7938;171;;;;;7937.0;0.0
2;33200;BANANAS;4818;9;4813;27;;;4820;27;;;;;4819.0;99.24609375
2;33200;PEARLS;9995;27;;;;;10005;27;;;;;10000.0;602.0
2;33200;COCONUTS;7935;202;;;;;7938;202;;;;;7936.5;0.0
2;33200;PINA_COLADAS;14882;108;;;;;14885;108;;;;;14883.5;12644.5
2;33300;COCONUTS;7936;180;;;;;7938;66;7939;114;;;7937.0;0.0
2;33300;PINA_COLADAS;14885;89;;;;;14888;89;;;;;14886.5;13565.0
2;33300;PEARLS;9995;25;;;;;10002;6;10005;25;;;9998.5;602.0
2;33300;BANANAS;4813;25;;;;;4817;6;4819;25;;;4815.0;120.9765625
2;33400;COCONUTS;7936;223;;;;;7939;223;;;;;7937.5;0.0
2;33400;PINA_COLADAS;14884;103;;;;;14887;38;14888;65;;;14885.5;13422.5
2;33400;PEARLS;9998;2;9996;1;9995;20;10004;1;10005;20;;;10001.0;602.0
2;33400;BANANAS;4813;3;4812;20;;;4819;21;;;;;4816.0;122.28125
2;33500;PINA_COLADAS;14889;87;;;;;14892;87;;;;;14890.5;14770.0
2;33500;PEARLS;9996;1;9995;25;;;10004;1;10005;25;;;10000.0;602.0
2;33500;BANANAS;4812;26;;;;;4818;26;;;;;4815.0;137.8125
2;33500;COCONUTS;7938;140;;;;;7940;40;7941;100;;;7939.0;0.0
2;33600;PEARLS;9996;2;9995;26;;;10004;2;10005;26;;;10000.0;602.0
2;33600;BANANAS;4812;28;;;;;4818;2;4819;26;;;4815.0;133.484375
2;33600;COCONUTS;7938;183;;;;;7940;69;7941;114;;;7939.0;0.0
2;33600;PINA_COLADAS;14891;29;14890;68;;;14893;29;14894;68;;;14892.0;15257.0
2;33700;COCONUTS;7938;54;7937;129;;;7940;183;;;;;7939.0;0.0
2;33700;PINA_COLADAS;14889;20;14888;70;;;14891;20;14892;70;;;14890.0;14672.25
2;33700;PEARLS;9996;2;9995;27;;;10004;2;10005;27;;;10000.0;602.0
2;33700;BANANAS;4812;2;4811;27;;;4818;29;;;;;4815.0;141.859375
2;33800;COCONUTS;7938;188;;;;;7941;188;;;;;7939.5;0.0
2;33800;PINA_COLADAS;14890;111;;;;;14893;111;;;;;14891.5;15077.75
2;33800;PEARLS;9998;6;9996;1;9995;24;10004;1;10005;24;;;10001.0;602.0
2;33800;BANANAS;4812;7;4811;24;;;4818;25;;;;;4815.0;139.84375
2;33900;PINA_COLADAS;14890;101;;;;;14893;26;14894;75;;;14891.5;15140.5
2;33900;PEARLS;9995;20;;;;;10002;7;10005;20;;;9998.5;605.0
2;33900;BANANAS;4812;20;;;;;4816;7;4818;20;;;4814.0;138.34375
2;33900;COCONUTS;7939;199;;;;;7940;51;7942;199;;;7939.5;0.0
2;34000;BANANAS;4813;2;4812;25;;;4819;27;;;;;4816.0;122.703125
2;34000;PEARLS;9996;2;9995;25;;;10004;2;10005;25;;;10000.0;605.0
2;34000;COCONUTS;7938;209;;;;;7941;209;;;;;7939.5;0.0
2;34000;PINA_COLADAS;14891;13;14890;37;14889;55;14892;37;14893;55;;;14891.5;14893.75
2;34100;COCONUTS;7938;150;;;;;7940;46;7941;104;;;7939.0;0.0
2;34100;PINA_COLADAS;14888;99;;;;;14891;99;;;;;14889.5;14592.5
2;34100;BANANAS;4812;29;;;;;4819;29;;;;;4815.5;125.8671875
2;34100;PEARLS;9995;29;;;;;10005;29;;;;;10000.0;605.0
2;34200;COCONUTS;7938;204;;;;;7941;204;;;;;7939.5;0.0
2;34200;PINA_COLADAS;14888;23;14887;73;;;14890;23;14891;73;;;14889.0;14457.0
2;34200;BANANAS;4813;1;4812;21;;;4819;22;;;;;4816.0;123.625
2;34200;PEARLS;9996;1;9995;21;;;10004;1;10005;21;;;10000.0;605.0
2;34300;PINA_COLADAS;14889;26;14888;95;;;14891;95;;;;;14890.0;14551.75
2;34300;BANANAS;4812;30;;;;;4819;30;;;;;4815.5;123.421875
2;34300;PEARLS;9995;30;;;;;10005;30;;;;;10000.0;605.0
2;34300;COCONUTS;7939;72;7938;102;;;7941;174;;;;;7940.0;0.0
2;34400;BANANAS;4813;26;;;;;4820;26;;;;;4816.5;111.234375
2;34400;PEARLS;9996;1;9995;25;;;10004;1;10005;25;;;10000.0;605.0
2;34400;COCONUTS;7939;60;7938;104;;;7941;164;;;;;7940.0;0.0
2;34400;PINA_COLADAS;14889;110;;;;;14892;110;;;;;14890.5;14740.5
2;34500;PINA_COLADAS;14890;112;;;;;14893;112;;;;;14891.5;15040.25
2;34500;BANANAS;4813;21;;;;;4819;21;;;;;4816.0;119.2109375
2;34500;PEARLS;9995;21;;;;;10005;21;;;;;10000.0;605.0
2;34500;COCONUTS;7939;79;7938;125;;;7941;204;;;;;7940.0;0.0
2;34600;PINA_COLADAS;14888;27;14887;73;;;14890;27;14891;73;;;14889.0;14476.5
2;34600;BANANAS;4813;22;;;;;4819;22;;;;;4816.0;118.828125
2;34600;PEARLS;9996;2;9995;20;;;10004;2;10005;20;;;10000.0;605.0
2;34600;COCONUTS;7939;41;7938;112;;;7941;153;;;;;7940.0;0.0
2;34700;PINA_COLADAS;14887;86;;;;;14890;86;;;;;14888.5;14344.25
2;34700;BANANAS;4812;29;;;;;4819;29;;;;;4815.5;124.6796875
2;34700;PEARLS;9995;29;;;;;10005;29;;;;;10000.0;605.0
2;34700;COCONUTS;7938;157;;;;;7941;157;;;;;7939.5;0.0
2;34800;BANANAS;4812;27;;;;;4819;27;;;;;4815.5;125.3984375
2;34800;PEARLS;10002;4;10000;4;9995;27;10005;27;;;;;10003.5;605.0
2;34800;COCONUTS;7939;165;;;;;7941;52;7942;113;;;7940.0;0.0
2;34800;PINA_COLADAS;14889;105;;;;;14892;105;;;;;14890.5;14829.0
2;34900;PINA_COLADAS;14891;96;;;;;14894;96;;;;;14892.5;15181.5
2;34900;BANANAS;4812;26;;;;;4817;9;4819;26;;;4814.5;124.2890625
2;34900;PEARLS;9995;26;;;;;10002;9;10005;26;;;9998.5;613.0
2;34900;COCONUTS;7941;47;7940;144;;;7943;191;;;;;7942.0;0.0
2;35000;PINA_COLADAS;14888;79;;;;;14891;79;;;;;14889.5;14624.75
2;35000;BANANAS;4813;7;4812;24;;;4815;2;4819;24;;;4814.0;128.6796875
2;35000;PEARLS;9998;7;9995;24;;;10005;24;;;;;10001.5;613.0
2;35000;COCONUTS;7940;60;7939;125;;;7942;185;;;;;7941.0;0.0
2;35100;PINA_COLADAS;14889;93;;;;;14892;93;;;;;14890.5;14839.75
2;35100;BANANAS;4812;20;;;;;4819;20;;;;;4815.5;129.5625
2;35100;PEARLS;9995;20;;;;;10005;20;;;;;10000.0;613.0
2;35100;COCONUTS;7940;61;7939;122;;;7942;183;;;;;7941.0;0.0
2;35200;BANANAS;4816;2;4812;21;;;4819;21;;;;;4817.5;129.3671875
2;35200;PEARLS;9996;1;9995;20;;;10004;1;10005;20;;;10000.0;613.0
2;35200;COCONUTS;7940;168;;;;;7943;168;;;;;7941.5;0.0
2;35200;PINA_COLADAS;14892;102;;;;;14895;102;;;;;14893.5;15438.25
2;35300;PINA_COLADAS;14889;101;;;;;14892;101;;;;;14890.5;14833.25
2;35300;BANANAS;4813;1;4812;30;;;4817;1;4819;31;;;4815.0;125.09375
2;35300;PEARLS;9996;1;9995;30;;;10002;1;10004;1;10005;30;9999.0;613.0
2;35300;COCONUTS;7940;40;7939;123;;;7942;163;;;;;7941.0;0.0
2;35400;PINA_COLADAS;14886;111;;;;;14889;39;14890;72;;;14887.5;14227.5
2;35400;BANANAS;4816;3;4812;25;;;4817;10;4819;25;;;4816.5;131.984375
2;35400;PEARLS;9995;25;;;;;10002;10;10005;25;;;9998.5;613.0
2;35400;COCONUTS;7939;205;;;;;7942;205;;;;;7940.5;0.0
2;35500;PEARLS;9996;1;9995;20;;;9998;1;10004;1;10005;20;9997.0;629.0
2;35500;BANANAS;4813;21;;;;;4819;21;;;;;4816.0;124.0
2;35500;COCONUTS;7939;180;;;;;7942;180;;;;;7940.5;0.0
2;35500;PINA_COLADAS;14887;93;;;;;14890;93;;;;;14888.5;14291.75
2;35600;PEARLS;9995;20;;;;;10005;20;;;;;10000.0;631.0
2;35600;BANANAS;4812;20;;;;;4818;20;;;;;4815.0;142.703125
2;35600;COCONUTS;7941;57;7940;125;;;7943;182;;;;;7942.0;0.0
2;35600;PINA_COLADAS;14890;37;14889;73;;;14892;37;14893;73;;;14891.0;14883.5
2;35700;PEARLS;9998;5;9995;22;;;10005;22;;;;;10001.5;631.0
2;35700;BANANAS;4812;5;4811;22;;;4818;22;;;;;4815.0;145.5546875
2;35700;COCONUTS;7940;215;;;;;7943;215;;;;;7941.5;0.0
2;35700;PINA_COLADAS;14888;30;14887;104;;;14890;104;;;;;14889.0;14301.25
2;35800;PINA_COLADAS;14891;27;14890;94;;;14893;38;14894;56;;;14892.0;15070.5
2;35800;PEARLS;9995;26;;;;;10005;26;;;;;10000.0;631.0
2;35800;BANANAS;4812;26;;;;;4819;26;;;;;4815.5;139.5625
2;35800;COCONUTS;7941;201;;;;;7944;201;;;;;7942.5;0.0
2;35900;PEARLS;9995;20;;;;;10005;20;;;;;10000.0;631.0
2;35900;BANANAS;4811;20;;;;;4818;20;;;;;4814.5;147.5625
2;35900;COCONUTS;7944;199;;;;;7946;66;7947;133;;;7945.0;0.0
2;35900;PINA_COLADAS;14894;82;;;;;14897;82;;;;;14895.5;15862.75
2;36000;PEARLS;9995;24;;;;;10005;24;;;;;10000.0;631.0
2;36000;BANANAS;4811;24;;;;;4818;24;;;;;4814.5;151.7265625
2;36000;COCONUTS;7946;176;;;;;7949;176;;;;;7947.5;0.0
2;36000;PINA_COLADAS;14898;39;14897;50;;;14901;89;;;;;14899.5;16632.25
2;36100;PEARLS;9996;1;9995;27;;;10004;1;10005;27;;;10000.0;631.0
2;36100;BANANAS;4814;4;4811;28;;;4818;28;;;;;4816.0;149.9609375
2;36100;COCONUTS;7946;5;7945;150;;;7948;209;;;;;7947.0;0.0
2;36100;PINA_COLADAS;14897;84;;;;;14900;84;;;;;14898.5;16517.5
2;36200;PINA_COLADAS;14896;99;;;;;14899;26;14900;73;;;14897.5;16350.5
2;36200;PEARLS;9996;1;9995;29;;;10004;1;10005;29;;;10000.0;631.0
2;36200;BANANAS;4812;1;4811;29;;;4814;5;4818;30;;;4813.0;144.390625
2;36200;COCONUTS;7945;71;7944;138;;;7947;209;;;;;7946.0;0.0
2;36300;BANANAS;4811;21;;;;;4817;21;;;;;4814.0;161.1015625
2;36300;PEARLS;9996;1;9995;20;;;10004;1;10005;20;;;10000.0;631.0
2;36300;COCONUTS;7943;40;7942;104;;;7945;144;;;;;7944.0;0.0
2;36300;PINA_COLADAS;14891;110;;;;;14894;110;;;;;14892.5;15263.25
2;36400;PEARLS;9996;1;9995;25;;;10002;9;10004;1;10005;25;9999.0;631.0
2;36400;COCONUTS;7942;170;;;;;7945;170;;;;;7943.5;0.0
2;36400;BANANAS;4811;26;;;;;4815;9;4817;26;;;4813.0;162.984375
2;36400;PINA_COLADAS;14889;81;;;;;14892;81;;;;;14890.5;14768.5
2;36500;BANANAS;4812;5;4811;22;;;4817;1;4818;21;;;4814.5;156.7578125
2;36500;PEARLS;9998;5;9996;1;9995;21;10004;1;10005;21;;;10001.0;631.0
2;36500;COCONUTS;7944;53;7943;127;;;7946;180;;;;;7945.0;0.0
2;36500;PINA_COLADAS;14893;38;14892;73;;;14896;111;;;;;14894.5;15574.0
2;36600;PINA_COLADAS;14892;84;;;;;14895;84;;;;;14893.5;15481.25
2;36600;PEARLS;9996;1;9995;23;;;10004;1;10005;23;;;10000.0;631.0
2;36600;COCONUTS;7943;162;;;;;7946;162;;;;;7944.5;0.0
2;36600;BANANAS;4812;24;;;;;4818;1;4819;23;;;4815.0;143.6484375
2;36700;BANANAS;4812;27;;;;;4818;27;;;;;4815.0;145.640625
2;36700;PEARLS;9995;27;;;;;10005;27;;;;;10000.0;631.0
2;36700;COCONUTS;7942;197;;;;;7945;197;;;;;7943.5;0.0
2;36700;PINA_COLADAS;14891;98;;;;;14894;98;;;;;14892.5;15204.5
2;36800;PEARLS;9996;2;9995;21;;;9998;1;10002;6;10004;2;9997.0;631.0
2;36800;COCONUTS;7941;162;;;;;7944;162;;;;;7942.5;0.0
2;36800;BANANAS;4813;2;4812;21;;;4817;6;4819;23;;;4815.0;135.1015625
2;36800;PINA_COLADAS;14890;22;14889;57;;;14892;22;14893;57;;;14891.0;14907.75
2;36900;BANANAS;4813;24;;;;;4819;25;;;;;4816.0;132.84375
2;36900;PEARLS;9996;2;9995;23;;;10004;2;10005;23;;;10000.0;633.0
2;36900;COCONUTS;7942;181;;;;;7945;181;;;;;7943.5;0.0
2;36900;PINA_COLADAS;14893;88;;;;;14896;88;;;;;14894.5;15636.25
2;37000;PINA_COLADAS;14894;106;;;;;14897;106;;;;;14895.5;15909.25
2;37000;PEARLS;9995;28;;;;;10005;28;;;;;10000.0;633.0
2;37000;COCONUTS;7943;176;;;;;7946;176;;;;;7944.5;0.0
2;37000;BANANAS;4812;28;;;;;4819;28;;;;;4815.5;136.0703125
2;37100;BANANAS;4813;6;4812;25;;;4819;25;;;;;4816.0;141.21875
2;37100;PEARLS;9998;6;9996;2;9995;23;10004;2;10005;23;;;10001.0;633.0
2;37100;COCONUTS;7942;164;;;;;7945;164;;;;;7943.5;0.0
2;37100;PINA_COLADAS;14893;101;;;;;14896;101;;;;;14894.5;15631.25
2;37200;PEARLS;9995;24;;;;;10005;24;;;;;10000.0;633.0
2;37200;COCONUTS;7941;188;;;;;7943;48;7944;140;;;7942.0;0.0
2;37200;BANANAS;4812;24;;;;;4819;24;;;;;4815.5;137.671875
2;37200;PINA_COLADAS;14891;75;;;;;14894;75;;;;;14892.5;15177.75
2;37300;BANANAS;4814;10;4813;29;;;4820;29;;;;;4817.0;129.859375
2;37300;PEARLS;10000;2;9998;10;9995;29;10005;29;;;;;10002.5;633.0
2;37300;COCONUTS;7941;192;;;;;7944;192;;;;;7942.5;0.0
2;37300;PINA_COLADAS;14889;99;;;;;14892;99;;;;;14890.5;14786.75
2;37400;PINA_COLADAS;14889;80;;;;;14892;80;;;;;14890.5;14773.75
2;37400;PEARLS;9998;8;9996;2;9995;20;10004;2;10005;20;;;10001.0;633.0
2;37400;COCONUTS;7941;182;;;;;7944;182;;;;;7942.5;0.0
2;37400;BANANAS;4814;8;4813;22;;;4819;22;;;;;4816.5;132.5859375
2;37500;BANANAS;4813;2;4812;22;;;4819;24;;;;;4816.0;134.0546875
2;37500;PEARLS;9996;2;9995;22;;;10004;2;10005;22;;;10000.0;633.0
2;37500;COCONUTS;7941;162;;;;;7944;162;;;;;7942.5;0.0
2;37500;PINA_COLADAS;14890;108;;;;;14893;108;;;;;14891.5;15043.0
2;37600;PEARLS;9996;1;9995;24;;;10004;1;10005;24;;;10000.0;633.0
2;37600;COCONUTS;7941;44;7940;102;;;7943;146;;;;;7942.0;0.0
2;37600;BANANAS;4813;25;;;;;4819;1;4820;24;;;4816.0;129.765625
2;37600;PINA_COLADAS;14887;71;;;;;14888;12;14890;25;14891;71;14887.5;14449.25
2;37700;BANANAS;4819;1;4814;22;;;4820;22;;;;;4819.5;118.375
2;37700;PEARLS;9996;1;9995;21;;;10004;1;10005;21;;;10000.0;633.0
2;37700;COCONUTS;7942;73;7941;176;;;7944;176;;;;;7943.0;0.0
2;37700;PINA_COLADAS;14889;24;14888;73;;;14892;97;;;;;14890.5;14709.75
2;37800;PINA_COLADAS;14892;86;;;;;14895;86;;;;;14893.5;15426.75
2;37800;COCONUTS;7941;198;;;;;7944;198;;;;;7942.5;0.0
2;37800;PEARLS;9998;7;9996;1;9995;25;10004;1;10005;25;;;10001.0;633.0
2;37800;BANANAS;4815;7;4814;26;;;4820;26;;;;;4817.5;117.484375
2;37900;PEARLS;9996;2;9995;27;;;10002;9;10004;2;10005;27;9999.0;633.0
2;37900;BANANAS;4814;29;;;;;4818;9;4820;29;;;4816.0;118.734375
2;37900;COCONUTS;7941;191;;;;;7944;191;;;;;7942.5;0.0
2;37900;PINA_COLADAS;14893;102;;;;;14896;102;;;;;14894.5;15580.0
2;38000;COCONUTS;7942;183;;;;;7945;183;;;;;7943.5;0.0
2;38000;PEARLS;9996;1;9995;24;;;10004;1;10005;24;;;10000.0;633.0
2;38000;BANANAS;4814;25;;;;;4820;25;;;;;4817.0;118.8203125
2;38000;PINA_COLADAS;14895;40;14894;59;;;14897;40;14898;59;;;14896.0;15972.5
2;38100;PEARLS;9995;27;;;;;10005;27;;;;;10000.0;639.0
2;38100;BANANAS;4814;27;;;;;4820;27;;;;;4817.0;119.46875
2;38100;COCONUTS;7942;197;;;;;7944;79;7945;118;;;7943.0;0.0
2;38100;PINA_COLADAS;14893;73;;;;;14894;39;14896;73;;;14893.5;15610.0
2;38200;PINA_COLADAS;14893;92;;;;;14896;92;;;;;14894.5;15702.5
2;38200;COCONUTS;7942;160;;;;;7945;160;;;;;7943.5;0.0
2;38200;PEARLS;9996;1;9995;29;;;10004;1;10005;29;;;10000.0;639.0
2;38200;BANANAS;4813;30;;;;;4820;30;;;;;4816.5;127.15625
2;38300;PEARLS;9998;8;9995;25;;;10005;25;;;;;10001.5;639.0
2;38300;BANANAS;4818;8;4814;8;4813;25;4820;25;;;;;4819.0;125.3203125
2;38300;COCONUTS;7942;219;;;;;7944;72;7945;147;;;7943.0;0.0
2;38300;PINA_COLADAS;14893;104;;;;;14896;104;;;;;14894.5;15687.25
2;38400;COCONUTS;7941;171;;;;;7944;171;;;;;7942.5;0.0
2;38400;PEARLS;9996;2;9995;25;;;10002;3;10004;2;10005;25;9999.0;639.0
2;38400;BANANAS;4814;2;4813;25;;;4818;3;4820;27;;;4816.0;126.0859375
2;38400;PINA_COLADAS;14891;90;;;;;14894;90;;;;;14892.5;15225.0
2;38500;BANANAS;4813;22;;;;;4818;10;4820;22;;;4815.5;129.2578125
2;38500;PEARLS;10000;6;9995;22;;;10002;10;10005;22;;;10001.0;639.0
2;38500;COCONUTS;7942;178;;;;;7944;41;7945;137;;;7943.0;0.0
2;38500;PINA_COLADAS;14890;98;;;;;14893;98;;;;;14891.5;15013.25
2;38600;PINA_COLADAS;14891;20;14890;96;;;14893;96;;;;;14892.0;14992.25
2;38600;COCONUTS;7940;194;;;;;7943;194;;;;;7941.5;0.0
2;38600;BANANAS;4814;31;;;;;4821;31;;;;;4817.5;113.9296875
2;38600;PEARLS;9996;2;9995;29;;;10004;2;10005;29;;;10000.0;639.0
2;38700;BANANAS;4814;27;;;;;4820;1;4821;26;;;4817.0;117.671875
2;38700;PEARLS;9996;1;9995;26;;;10004;1;10005;26;;;10000.0;639.0
2;38700;COCONUTS;7941;201;;;;;7943;201;;;;;7942.0;0.0
2;38700;PINA_COLADAS;14888;100;;;;;14891;100;;;;;14889.5;14601.25
2;38800;COCONUTS;7940;176;;;;;7943;176;;;;;7941.5;0.0
2;38800;BANANAS;4814;21;;;;;4817;4;4821;21;;;4815.5;112.9375
2;38800;PEARLS;9995;21;;;;;10005;21;;;;;10000.0;639.0
2;38800;PINA_COLADAS;14885;101;;;;;14888;101;;;;;14886.5;13915.25
2;38900;BANANAS;4815;2;4814;21;;;4821;23;;;;;4818.0;106.96875
2;38900;PEARLS;9996;2;9995;21;;;10004;2;10005;21;;;10000.0;639.0
2;38900;COCONUTS;7941;198;;;;;7944;198;;;;;7942.5;0.0
2;38900;PINA_COLADAS;14889;38;14888;55;;;14891;38;14892;55;;;14890.0;14686.0
2;39000;PINA_COLADAS;14889;38;14888;103;;;14891;103;;;;;14890.0;14513.5
2;39000;BANANAS;4814;29;;;;;4819;2;4821;29;;;4816.5;106.734375
2;39000;PEARLS;9995;29;;;;;10002;2;10005;29;;;9998.5;639.0
2;39000;COCONUTS;7940;211;;;;;7943;211;;;;;7941.5;0.0
2;39100;BANANAS;4815;2;4814;21;;;4819;5;4821;23;;;4817.0;109.09375
2;39100;PEARLS;9996;2;9995;21;;;10002;5;10004;2;10005;21;9999.0;644.0
2;39100;COCONUTS;7940;191;;;;;7943;191;;;;;7941.5;0.0
2;39100;PINA_COLADAS;14886;97;;;;;14889;97;;;;;14887.5;14134.5
2;39200;BANANAS;4814;2;4813;21;;;4820;23;;;;;4817.0;127.6796875
2;39200;PEARLS;9996;2;9995;21;;;10004;2;10005;21;;;10000.0;644.0
2;39200;COCONUTS;7940;182;;;;;7942;50;7943;132;;;7941.0;0.0
2;39200;PINA_COLADAS;14883;107;;;;;14886;107;;;;;14884.5;13439.0
2;39300;BANANAS;4814;2;4813;21;;;4820;23;;;;;4817.0;129.453125
2;39300;PEARLS;9996;2;9995;21;;;10004;2;10005;21;;;10000.0;644.0
2;39300;COCONUTS;7941;171;;;;;7943;53;7944;118;;;7942.0;0.0
2;39300;PINA_COLADAS;14884;90;;;;;14887;90;;;;;14885.5;13772.5
2;39400;PINA_COLADAS;14883;85;;;;;14886;22;14887;63;;;14884.5;13575.5
2;39400;BANANAS;4814;27;;;;;4820;27;;;;;4817.0;124.09375
2;39400;PEARLS;9996;2;9995;25;;;10004;2;10005;25;;;10000.0;644.0
2;39400;COCONUTS;7940;205;;;;;7943;205;;;;;7941.5;0.0
2;39500;BANANAS;4819;1;4814;25;;;4820;2;4821;23;;;4819.5;118.3203125
2;39500;PEARLS;9996;2;9995;23;;;10004;2;10005;23;;;10000.0;644.0
2;39500;COCONUTS;7940;201;;;;;7943;201;;;;;7941.5;0.0
2;39500;PINA_COLADAS;14884;101;;;;;14887;101;;;;;14885.5;13717.75
2;39600;BANANAS;4818;3;4814;28;;;4821;28;;;;;4819.5;114.96875
2;39600;PEARLS;9995;28;;;;;10005;28;;;;;10000.0;644.0
2;39600;COCONUTS;7941;168;;;;;7943;64;7944;104;;;7942.0;0.0
2;39600;PINA_COLADAS;14885;100;;;;;14888;100;;;;;14886.5;13933.25
2;39700;BANANAS;4814;21;;;;;4820;21;;;;;4817.0;123.109375
2;39700;PEARLS;9996;1;9995;20;;;10004;1;10005;20;;;10000.0;644.0
2;39700;COCONUTS;7941;162;;;;;7944;162;;;;;7942.5;0.0
2;39700;PINA_COLADAS;14887;27;14886;66;;;14890;93;;;;;14888.5;14322.75
2;39800;PINA_COLADAS;14887;26;14886;54;;;14889;26;14890;54;;;14888.0;14271.5
2;39800;BANANAS;4814;2;4813;26;;;4816;4;4820;28;;;4815.0;127.4609375
2;39800;PEARLS;9996;2;9995;26;;;10004;2;10005;26;;;10000.0;644.0
2;39800;COCONUTS;7942;175;;;;;7944;51;7945;124;;;7943.0;0.0
2;39900;BANANAS;4813;25;;;;;4818;3;4820;25;;;4815.5;135.046875
2;39900;PEARLS;9996;1;9995;24;;;10002;3;10004;1;10005;24;9999.0;644.0
2;39900;COCONUTS;7941;73;7940;131;;;7943;204;;;;;7942.0;0.0
2;39900;PINA_COLADAS;14882;89;;;;;14885;89;;;;;14883.5;13034.75
2;40000;PEARLS;9998;3;9996;1;9995;29;10004;1;10005;29;;;10001.0;644.0
2;40000;BANANAS;4814;4;4813;29;;;4820;30;;;;;4817.0;131.7109375
2;40000;COCONUTS;7939;186;;;;;7942;186;;;;;7940.5;0.0
2;40000;PINA_COLADAS;14879;38;14878;63;;;14880;29;14881;38;14882;63;14879.5;12175.25
2;40100;PINA_COLADAS;14881;20;14880;100;;;14883;100;;;;;14882.0;12555.0
2;40100;PEARLS;9996;2;9995;30;;;10004;2;10005;30;;;10000.0;644.0
2;40100;BANANAS;4819;4;4815;2;4814;30;4821;32;;;;;4820.0;116.078125
